2494 4274
468 289 593 338 SATIRA
610 289 687 340 Xlll.

79 433 153 490 Hac
166 441 254 509 quota
266 450 331 508 pars
344 431 495 503 scelerum,
508 449 571 507 que
582 441 678 490 custos
691 431 820 491 Gallicus
832 431 918 492 Urbis

77 513 175 586 Usque
189 531 208 568 a
220 511 348 582 lucifero,
364 510 456 567 donec
470 510 518 566 lux
531 510 653 582 occidat,
669 511 766 569 auditl

78 589 211 647 Humani
224 589 338 665 generis
351 603 444 646 mores
458 588 510 645 tibi
524 585 609 645 ndsse
623 589 727 647 volenti

78 669 193 726 Sufficit
206 685 266 724 una
278 667 388 725 domas.
430 667 541 724 Paucos
555 683 691 724 consume
705 667 777 740 dies,
790 679 820 726 et

79 747 185 806 Dicere
199 759 228 804 te
241 745 386 817 miserum,
400 755 549 822 postquam
563 745 641 802 illino
655 745 774 818 veneris,
789 747 871 804 aude.

77 827 155 887 Quis
168 825 311 882 tumidum
325 834 421 900 guttur
435 826 552 882 miratur
566 823 596 881 in
611 825 755 900 Alpibusl
775 837 824 883 aut
836 825 901 902 quis

78 904 113 962 In
128 904 231 962 Meroii
246 921 341 960 crasso
354 903 488 978 majorem
503 902 610 960 infante
625 903 799 961 mamillaml

78 983 197 1040 Caerula
209 981 273 1057 quis
286 981 393 1056 stupuit
406 981 543 1038 Germani
558 980 676 1053 lumina,
691 980 792 1040 flavam

78 1060 244 1132 Cesuiem,
258 1071 287 1117 et
301 1057 415 1117 madido
429 1071 604 1136 torquentem
618 1077 727 1118 cornua
740 1061 834 1120 cirrol

78 1136 193 1216 Nempe
206 1136 284 1213 qudd
298 1139 360 1195 hec
374 1138 430 1195 illis
443 1150 545 1196 natura
558 1148 600 1197 est
609 1139 742 1197 omnibus
755 1159 821 1198 una.

81 1219 127 1275 Ad
142 1217 252 1276 subitas
265 1216 414 1274 Thracum
427 1217 556 1275 volucres
570 1217 732 1292 nubemque
746 1237 877 1277 sonoram

79 1296 231 1373 Pygmaeus
244 1296 337 1372 parvis
349 1296 437 1355 currit
451 1296 569 1354 bellator
583 1297 613 1352 in
627 1295 731 1353 armis:

78 1374 150 1433 Mox
163 1375 253 1451 impar
267 1375 341 1433 hosti
354 1385 504 1450 raptusque
518 1393 567 1449 per
581 1378 649 1431 aera
658 1375 753 1432 curvis

79 1453 234 1530 Unguibus
248 1473 265 1511 a
278 1453 353 1510 saevti
367 1453 455 1510 fertur
469 1469 547 1528 grue.
589 1452 621 1508 Si
635 1453 731 1508 videas
744 1453 799 1509 hoe

78 1532 223 1589 Gentibus
236 1532 266 1588 in
279 1532 392 1604 nostris,
407 1531 465 1587 risu
479 1530 622 1605 quatiere:
644 1530 695 1586 sed
709 1529 778 1601 illic,

77 1610 256 1686 Quanquam
270 1611 374 1668 eadem
388 1607 503 1667 assidue
518 1619 681 1684 spectentur
694 1609 803 1684 praelia,
818 1609 891 1667 ridet

79 1689 184 1760 Nemo,
195 1690 244 1746 ubi
258 1699 316 1748 tota
328 1691 429 1746 cohors
443 1688 516 1765 pede
529 1707 587 1746 non
601 1697 645 1746 est
658 1688 737 1746 altior
752 1705 817 1746 uno.

117 1767 246 1826 Nullane
259 1768 365 1844 perjuri
379 1768 480 1844 capitis
494 1767 658 1842 fraudisque
673 1767 804 1824 nefandae

79 1846 170 1904 Poena
183 1847 256 1904 eritl
297 1847 456 1923 Abreptum
470 1848 555 1904 crede
569 1848 647 1904 huno
661 1847 788 1921 graviore
802 1845 903 1905 cateni

78 1923 229 1997 Proteum,
242 1935 271 1982 et
285 1936 380 1983 nostro
395 1924 478 2002 (quid
490 1925 553 2000 plus
564 1925 631 1982 velit
644 1925 717 2002 ital)
732 1926 830 1982 necari

80 2004 226 2062 Arbitrio:
247 2016 344 2062 manet
357 2005 405 2060 illa
421 2015 517 2061 tamen
531 2003 649 2078 jactura,
663 2021 719 2060 nec
733 2021 858 2078 unquam

78 2081 249 2158 Depositum
263 2082 315 2140 tibi
329 2101 426 2158 sospes
437 2081 499 2138 erit.
542 2082 601 2138 Sed
615 2099 732 2156 corpore
747 2092 850 2139 trunco

77 2160 223 2219 Invidiosa
235 2161 314 2218 dabit
326 2161 461 2218 minimus
475 2159 574 2218 solatia
585 2161 718 2237 sanguis:

77 2241 119 2296 At
132 2239 259 2298 vindicta
272 2241 377 2298 bouum
392 2240 449 2297 vitri
460 2239 615 2315 jucundius
629 2240 698 2316 ipsi.

77 2317 191 2394 Nempe
206 2319 260 2376 hoc
273 2318 391 2391 indocti,
402 2337 521 2394 quorum
533 2319 690 2394 precordia
703 2318 790 2375 nullis

77 2396 230 2455 Interdum
244 2408 292 2456 aut
304 2398 413 2455 levibus
426 2398 523 2454 videas
537 2397 684 2472 flagrantia
697 2397 799 2452 causis.

75 2475 340 2551 Quantulacunque
354 2474 426 2534 uded
440 2487 484 2532 est
496 2476 619 2545 occasio,
634 2473 737 2530 sufficit
751 2475 808 2529 irae.

75 2553 253 2630 Chrysippus
266 2574 323 2612 uon
337 2556 414 2612 dicet
427 2555 512 2625 idem,
528 2571 583 2610 nec
597 2551 664 2608 mite
679 2551 810 2606 Thaletis

76 2631 242 2707 Ingenium,
257 2633 388 2709 dulcique
402 2649 490 2690 senex
504 2632 615 2688 vicinus
629 2631 775 2704 Hymetto,

75 2709 138 2770 Qui
152 2721 262 2787 partem
277 2723 401 2786 accepta
415 2730 489 2768 aeva
503 2711 576 2768 inter
589 2709 683 2766 vincla
696 2709 798 2766 cicutae

76 2789 248 2848 Accusatori
261 2790 350 2848 nollet
363 2791 438 2850 dare.
479 2789 604 2848 Plurima
618 2789 683 2846 felix

75 2867 218 2924 Paulatim
233 2867 396 2944 vitia'atque
409 2889 516 2926 errores
530 2871 607 2927 exuit
619 2887 728 2939 omnes,

76 2945 174 3004 Prima
186 2947 270 3004 docet
284 2959 393 3005 rectum
408 2947 572 3023 Sapientia:
593 2949 696 3022 quippe
710 2946 814 3003 minuti

76 3026 197 3101 Semper
210 3037 239 3084 et
252 3025 356 3083 infirmi
369 3036 412 3082 eat
423 3025 510 3081 animi
523 3025 674 3098 exiguique
687 3025 814 3096 voluptas
1007 3024 1064 3080 190

75 3103 163 3161 Ultio.
204 3103 349 3162 Continud
365 3105 406 3160 sic
420 3102 534 3175 collige,
548 3099 626 3174 qudd
640 3101 766 3155 vindicta

75 3179 173 3238 Nemo
185 3179 278 3258 magis
291 3181 406 3257 gaudet,
421 3177 506 3254 quam
521 3177 644 3233 foemina.
686 3176 745 3232 Cur
759 3185 854 3234 tamen
868 3177 919 3235 hos
932 3185 964 3235 tu

75 3259 209 3318 Evasisse
221 3272 313 3338 putes,
327 3277 398 3334 quos
412 3257 466 3314 diri
480 3256 595 3314 conscia
609 3254 676 3312 iacti

75 3336 164 3396 Mens
177 3340 263 3397 habet
277 3339 418 3410 attonitorr,
433 3347 461 3393 et
475 3337 560 3393 surdo
572 3335 687 3392 verbere
701 3334 796 3407 cedit,

75 3416 233 3476 Occultum
247 3418 391 3493 quatiente
405 3416 500 3474 animo
513 3426 616 3474 tortore
630 3414 792 3491 flagelluml
1001 3415 1062 3474 195

75 3495 167 3553 Poeua
181 3508 276 3554 autem
290 3498 442 3554 vehemens
457 3515 491 3552 ao
506 3495 593 3553 multo
607 3496 705 3552 saevior
720 3495 785 3566 illis,
967 3495 975 3504 ‘

75 3573 161 3633 Quas
175 3585 204 3632 et
218 3574 362 3632 Oaedicius
376 3576 468 3650 gravis
481 3574 597 3645 invenit,
611 3585 641 3630 et
654 3572 893 3628 Rhadamanthus

75 3651 172 3711 Nocte
186 3653 289 3730 dieque
303 3669 386 3707 suum
401 3665 512 3726 gestare
527 3653 556 3708 in
566 3661 681 3724 pectore
694 3659 804 3704 testem.

76 3731 218 3806 Spartano
231 3731 348 3788 cuidam
361 3731 506 3803 respondit
519 3727 621 3803 Pythia
635 3736 714 3782 vates
727 3744 733 3782 :

76 3808 166 3868 Haud
180 3809 350 3887 impunitum
364 3807 507 3884 quondam
521 3807 589 3879 sore,
603 3801 679 3880 qued
693 3805 835 3865 dubitaret
891 3837 894 3843 ·
941 3835 944 3840 ·
1002 3807 1060 3866 Ἀθ
