2494 4274
170 243 210 302 64
469 239 502 287 D.
518 239 615 288 JUNll
631 237 826 288 suvsuturs

171 379 315 456 Tempora
327 379 473 449 viderunt;
498 381 549 438 hos
563 377 673 456 lignum
687 377 779 435 stabat
793 374 823 435 iu
836 395 913 450 usus,

172 459 320 516 Annosam
334 458 358 515 si
372 457 442 516 sorta
457 476 559 514 nucem
571 457 713 531 dejecerat
725 453 828 512 Eurus.
1236 497 1237 530 3

172 537 213 594 At
227 555 304 594 nunc
316 535 449 593 divitibus
462 535 594 593 coenandi
608 534 685 592 nulla
698 533 834 609 voluptas,
1097 533 1162 592 luo
1236 561 1237 586 3

173 614 222 671 Nil
237 614 380 684 rhombus,
395 613 433 671 nil
449 614 532 670 dama
546 613 636 687 sapit:
656 621 754 687 putere
765 611 896 669 videntur

172 691 327 768 Unguenta
338 703 421 765 atque
435 709 515 762 rosae,
529 691 599 748 latos
613 689 668 746 nisi
682 689 801 746 sustinet
814 689 897 746 orbes

173 769 289 828 Grande
301 768 382 840 ebur,
393 780 422 826 et
437 787 539 844 magno
553 767 680 825 sublimis
694 767 797 842 pardus
811 766 900 838 hiatu,

173 845 315 903 Dentibus
328 865 363 903 ex
377 845 440 918 illis,
454 865 523 922 quos
537 845 621 902 mittit
634 860 712 920 porra
727 845 845 919 Syenes,

174 923 212 980 Et
226 922 318 980 Mauri
333 923 448 995 celeres,
463 935 492 980 et
506 922 607 979 Mauro
620 923 764 980 obscurior
778 921 877 994 Indus,
1097 921 1160 980 125

174 1000 212 1058 Et
226 1019 296 1074 quos
309 1001 438 1074 deposuit
450 1000 587 1057 Nabataeo
602 1000 696 1058 bellua
710 1001 792 1072 saltu,

174 1077 193 1134 J
196 1097 240 1134 aur
256 1078 368 1149 nimios,
382 1079 522 1153 capitique
533 1096 639 1154 graves.
681 1077 760 1135 Hirro
775 1077 864 1153 surgit
876 1075 978 1150 orexis,

175 1156 255 1213 Hirro
268 1156 413 1214 stomacho
427 1156 507 1213 bilis:
528 1175 593 1213 uam
607 1175 657 1231 pes
671 1165 821 1231 argenteus
836 1155 900 1225 illis,

176 1234 309 1290 Annulus
323 1233 352 1290 in
367 1234 455 1310 digito
465 1234 539 1310 quod
554 1234 669 1291 ferreus.
711 1230 788 1308 Ergd
803 1233 956 1308 superbum

176 1309 332 1368 Convivam
346 1330 441 1383 caveo,
455 1312 503 1388 qui
518 1330 563 1368 me
577 1313 631 1369 sibi
645 1323 799 1386 comparat,
816 1322 844 1368 et
858 1328 902 1368 res
1097 1309 1160 1368 130

177 1387 306 1464 Despicit
319 1389 444 1465 exiguas.
486 1388 569 1447 Aded
585 1390 661 1448 nulla
676 1389 761 1446 uncia
774 1389 856 1446 nobis

176 1465 228 1524 Est
238 1467 339 1538 eboris,
351 1487 406 1525 nec
419 1469 547 1541 tessellae,
562 1487 616 1525 nec
630 1467 757 1524 calculus
770 1486 806 1524 ex
819 1467 875 1524 hta

177 1543 314 1602 Materia:
336 1546 403 1620 quiu
418 1546 478 1621 ipsa
488 1546 636 1602 manubria
649 1545 825 1602 cultellorum

175 1621 274 1680 Ossea.
316 1621 384 1680 Non
397 1634 493 1680 tamen
508 1625 551 1680 his
565 1621 622 1678 ulla
636 1641 758 1696 unquam
772 1621 889 1698 opsonia
902 1619 974 1679 fiunt

176 1698 349 1770 Rancidula,
364 1711 412 1757 aut
425 1701 489 1758 ideo
502 1700 579 1775 pejor
594 1699 699 1774 gallina
713 1711 831 1757 secatur.
1097 1699 1158 1758 135

177 1777 234 1832 Sed
246 1795 300 1832 uec
313 1788 433 1834 structor
446 1777 509 1848 erit,
520 1777 567 1834 cui
582 1778 683 1834 cedere
698 1779 799 1835 debeat
812 1777 905 1835 omnia

177 1853 308 1928 Perguia,
320 1854 475 1929 discipulus
489 1854 630 1930 Trypheri
645 1856 776 1926 doctoris,
792 1855 866 1932 apud
879 1871 962 1931 quem

176 1931 295 1988 Sumine
309 1950 374 1988 cum
390 1952 492 2008 magno
506 1933 595 2009 lepus,
607 1943 690 2007 atque
704 1953 780 2008 aper,
794 1944 822 1989 et
835 1947 986 2009 pygargus,

175 2007 213 2066 Et
228 2009 368 2083 Scythicas
382 2011 518 2082 volucres,
532 2022 561 2067 et
573 2011 801 2086 phoenicopterus
815 2010 926 2086 iugens,
1236 2059 1237 2078 ,

176 2086 213 2143 Et
225 2087 353 2143 Gaetulus
365 2107 442 2162 oryx,
458 2089 551 2144 hebeti
565 2088 721 2145 lautissima
731 2089 804 2145 ferro
1097 2085 1156 2144 140
1236 2083 1237 2090 '

175 2162 311 2234 Caeditur,
326 2177 355 2220 et
368 2166 426 2221 totis
440 2177 520 2222 sonat
534 2165 628 2220 ulmea
641 2183 723 2222 coena
738 2164 858 2222 Subura.

174 2240 240 2298 Nec
254 2240 372 2297 frustum
386 2260 494 2316 capreae
508 2242 676 2314 subducere,
691 2243 832 2298 uectatus
846 2241 925 2300 Afras

175 2318 262 2376 Novit
276 2319 334 2376 avis
348 2331 441 2377 noster
455 2319 623 2392 tirunculus,
635 2338 669 2376 ac
683 2321 761 2376 rudis
774 2318 850 2377 omni

175 2395 328 2472 Tempore,
343 2408 372 2454 et
385 2398 494 2474 exigue
510 2399 589 2455 furtis
599 2399 724 2456 imbutus
737 2397 838 2456 osellae.

174 2475 303 2534 Plebeios
317 2477 430 2548 calices,
445 2487 473 2533 et
486 2477 583 2552 paucis
598 2477 706 2534 assibus
719 2489 828 2552 emptos
1096 2473 1154 2533 145

174 2553 303 2630 Porrigat
317 2555 441 2612 incultus
453 2574 532 2631 puer,
547 2567 629 2628 atque
645 2574 661 2611 a
675 2555 776 2628 frigore
790 2565 884 2611 tutus:

174 2631 241 2689 Nou
257 2631 360 2704 Phryx,
375 2644 423 2688 aut
436 2631 552 2705 Lycius,
565 2650 622 2689 nou
638 2651 654 2688 a
667 2649 808 2706 mangone
821 2631 925 2706 petitus

173 2707 334 2781 Quisquam
348 2708 409 2776 erit,
423 2719 452 2764 et
465 2727 576 2782 magno.
617 2709 717 2768 Quum
731 2727 840 2782 posces,
854 2726 939 2784 posce
953 2705 1066 2766 Latius.

174 2782 256 2839 Idem
271 2784 382 2840 habitus
400 2785 521 2854 cunctis,
535 2785 619 2854 tonsi,
633 2785 758 2859 rectique
773 2784 876 2859 capilli,
942 2819 945 2824 -

174 2861 269 2933 Atque
283 2861 366 2918 hodie
381 2859 490 2918 tantiam
505 2872 616 2936 propter
630 2862 758 2918 convivia
771 2862 844 2950 pexi.
1096 2861 1153 2919 150

173 2937 297 2995 Pastoris
311 2939 374 2996 duri
388 2939 435 2996 hic
448 2951 491 2996 est
504 2939 587 3011 filius,
603 2939 649 2996 ille
664 2939 788 2995 bubulcr.

174 3017 304 3094 Suspirat
317 3017 402 3094 longo
414 3037 471 3075 non
486 3017 572 3074 visam
588 3029 713 3094 tempore
726 3028 855 3088 matrem,

173 3094 211 3153 Et
224 3097 350 3154 casulam
363 3107 392 3155 et
406 3108 486 3155 uotos
500 3097 586 3154 tristis
599 3097 741 3155 desiderat
754 3097 861 3168 hedos,

174 3173 296 3249 Ingenui
310 3176 403 3232 vultus
416 3195 495 3250 puer,
510 3175 681 3249 ingenuique
695 3175 818 3250 pudoris,

172 3250 283 3309 Quales
297 3270 359 3306 esse
373 3253 465 3318 decet,
479 3269 548 3322 quos
563 3253 664 3306 ardens
677 3269 800 3324 purpura
814 3248 945 3306 vestit-
1096 3249 1150 3306 155

174 3324 232 3382 Hic
245 3325 297 3380 tibi
311 3327 375 3382 vina
388 3326 476 3393 dabit,
490 3325 591 3379 diffusa
602 3326 630 3380 iu
645 3327 787 3380 montibus
801 3325 866 3394 illis,

174 3402 202 3458 A
217 3401 318 3476 quibus
332 3401 390 3475 ipse
404 3401 490 3471 venit,
504 3417 623 3472 quorum
637 3401 690 3456 sub
704 3401 807 3457 vertice
821 3399 904 3456 lusit:

174 3480 305 3554 Namque
320 3497 377 3536 una
392 3488 473 3552 atque
487 3476 587 3534 eadem
601 3488 644 3534 est
658 3479 714 3535 vini
727 3479 817 3554 patria
831 3489 913 3552 atque
927 3476 1099 3536 ministri.-

174 3557 242 3614 Non
256 3557 332 3632 capit
345 3557 396 3614 has
410 3575 500 3632 nugas
513 3555 627 3614 humilis
640 3557 748 3614 domus.
788 3555 898 3613 Audiat
911 3553 959 3614 iile

174 3633 326 3691 Testarum
338 3635 462 3709 crepitus
476 3653 541 3691 oum
552 3635 653 3705 verbis,
668 3636 775 3692 nudum
789 3635 864 3691 olido
877 3645 953 3692 stans
1093 3633 1147 3695 16⁰

175 3708 297 3768 Fornice
311 3713 483 3788 mancipium
496 3712 598 3787 quibus
612 3713 748 3784 abstinct3
771 3711 817 3770 ille
831 3712 939 3770 fruatur
