2494 4274
527 221 652 272 SATlRA
668 221 700 272 V.

114 363 264 435 Dicturus,
278 373 412 438 tanquam
426 372 455 420 et
468 361 586 422 dirersis
599 364 725 440 partibus
737 363 814 424 orbis

113 443 215 500 Anxie
228 441 365 518 precipiti
380 441 503 498 venisset
520 441 637 518 epistola
650 443 747 519 pinni.

155 522 253 596 Atque
269 521 377 578 utinam
391 520 435 576 bis
447 517 542 593 potiris
555 521 639 597 nugis
652 532 710 580 tots
725 523 773 580 ille
787 518 913 578 dedisset

113 599 264 676 Tempora
278 600 402 670 sevitie,
416 597 508 656 claras
521 599 623 673 quibus
636 600 752 658 abstulit
765 599 846 674 Urbi,
1045 598 1103 658 160

116 677 301 752 illustresque
315 677 424 734 aninres
439 677 565 752 impune,
577 687 606 734 et
619 678 731 736 vindice
747 679 824 738 nullo
836 680 843 738 Ι

114 757 178 814 Sed
197 756 288 832 periit,
302 767 449 831 postquam
463 755 634 814 cerdonibus
648 775 710 814 esse
725 757 867 816 timendus

114 835 270 912 Coeperat:
292 834 347 894 boc
360 834 458 894 nocuit
471 833 634 892 Lamiarum
648 835 728 893 cede
744 837 879 896 madenti.
899 855 941 872 ⁴·
960 829 981 886 s
991 827 1050 890 Γ

500 1149 658 1210 SATIRA
678 1151 715 1210 V.

158 1309 192 1366 Sr
206 1318 234 1366 te
247 1306 381 1384 propositi
395 1308 522 1366 nondum
534 1309 633 1384 pudet,
646 1319 730 1384 atque
744 1308 845 1368 eedem
858 1320 903 1368 est
915 1326 1008 1383 mens,

118 1386 158 1444 Ut
172 1387 246 1444 bona
259 1406 371 1444 summe
382 1398 475 1462 putes,
490 1386 583 1444 alieni
597 1387 690 1444 vivere
703 1388 830 1462 quadri;

119 1465 152 1522 Si
166 1477 246 1540 potes
260 1465 307 1522 illa
319 1465 388 1540 pati,
402 1482 465 1538 quae
480 1483 533 1520 nec
549 1464 715 1521 Sarmentus
729 1463 840 1538 iniquos

118 1543 241 1600 Ceseris
255 1544 290 1601 ad
305 1562 428 1612 mensas,
442 1561 497 1600 nec
511 1541 572 1600 vilis
585 1541 677 1600 Galba
690 1541 817 1600 tulisset:

116 1622 261 1683 Quamvis
271 1622 365 1698 jurato
378 1632 501 1680 metuam
516 1620 568 1678 tibi
582 1621 697 1678 credere
711 1619 784 1678 testi.

117 1699 227 1758 Ventre
241 1700 312 1758 nibil
327 1699 392 1757 novi
407 1699 551 1774 frugalius.
594 1699 659 1757 Hoc
672 1711 767 1757 tamen
778 1699 871 1777 ipsum

118 1778 267 1836 Desecisse
281 1790 358 1854 pute,
372 1779 445 1854 quod
461 1778 539 1836 inani
551 1778 654 1836 sufficit
665 1776 746 1836 alvo:

118 1857 207 1914 Nulla
221 1857 336 1932 crepido
352 1857 450 1914 vacatl
471 1875 610 1932 nusquam
623 1877 704 1934 pons,
718 1869 747 1916 et
760 1858 862 1934 tegeris
879 1877 944 1936 pam

117 1934 248 1993 Dimidiit
260 1935 389 1993 breviori
429 1934 557 1994 Tantine
570 1935 673 2011 injuria
687 1937 797 1994 coenael

118 2014 304 2090 Tamjejuna
318 2014 415 2080 sames,
436 2032 526 2088 quum
546 2015 591 2089 pol
605 2014 642 2071 sit
655 2015 800 2072 honestius
813 2013 873 2074 illic
1065 2012 1102 2071 1⁰

117 2092 157 2154 Et
170 2105 299 2163 tremere,
314 2103 342 2150 et
355 2094 452 2150 sordes
466 2092 546 2150 larris
559 2094 687 2152 mordere
701 2092 817 2150 caninii

159 2171 254 2230 Primo
269 2172 323 2248 fige
338 2172 409 2243 loco,
423 2170 500 2246 qubd
514 2184 545 2230 tu
559 2171 737 2230 discumbere
749 2172 844 2248 jussus

117 2249 285 2308 Mercedem
299 2250 417 2308 solidam
432 2262 556 2308 veterum
570 2251 648 2327 capis
661 2251 826 2310 officiorum.

117 2329 242 2400 Fructus
257 2329 388 2386 amicitia
403 2348 512 2405 magne
527 2329 628 2386 cibus:
650 2329 769 2406 imputat
783 2331 861 2390 hunc
874 2349 934 2401 rex,

118 2407 166 2477 Et,
182 2407 309 2482 quamvis
323 2425 427 2478 rarum,
441 2419 536 2464 tamen
550 2407 678 2482 imputet.
718 2405 796 2483 Ergb
811 2409 884 2466 duos
897 2416 960 2484 post
1064 2407 1102 2464 15

119 2487 152 2544 Si
165 2487 248 2543 libuit
261 2505 375 2544 menses
389 2485 552 2561 neglectum
566 2484 699 2541 adhibere
714 2485 858 2556 clientem,

118 2565 221 2623 Tertia
235 2585 271 2622 ne
285 2583 375 2622 vacuo
389 2574 512 2622 cessaret
526 2562 632 2620 culcita
644 2562 737 2633 lecto;

117 2642 185 2702 Und
199 2644 296 2716 simus,
310 2644 357 2701 eit.
398 2643 536 2701 Votorum
550 2641 675 2700 summa!
697 2641 779 2706 Quid
792 2640 867 2702 utut

116 2722 256 2783 Quaerist
297 2722 393 2782 Habet
407 2722 540 2792 Trebius,
554 2732 665 2798 propter
678 2722 753 2796 quod
766 2740 897 2799 rumpere
910 2737 1042 2781 munuum

118 2800 240 2872 Debeat,
254 2812 283 2858 et
296 2801 397 2876 ligulas
412 2801 563 2874 dimittere,
578 2801 725 2872 sollicitus,
740 2820 779 2858 ne
1061 2801 1102 2858 2⁰

118 2879 196 2937 Tota
210 2880 356 2936 salutatrix
367 2879 426 2954 jam
439 2881 521 2936 turbe
534 2879 675 2955 peregerit
687 2881 785 2937 orbem

119 2957 269 3015 Sideribus
282 2959 385 3028 dubiis,
401 2970 450 3014 aut
464 2957 511 3016 illo
524 2969 660 3032 tempore,
674 2977 729 3031 quc
743 2976 774 3014 se

119 3034 236 3111 Frigida
250 3036 449 3110 circumagunt
461 3035 533 3110 pigri
548 3053 661 3092 sarraca
681 3035 787 3091 Bootae.

117 3114 224 3175 Qualis
238 3133 321 3176 coena
334 3115 451 3170 tamenl
491 3112 609 3181 Vinum,
623 3111 698 3183 quod
712 3110 830 3166 succida
842 3108 914 3167 nolit

119 3191 200 3249 Lana
213 3193 290 3268 peti:
312 3193 348 3251 de
362 3189 480 3248 concivit
494 3188 656 3263 Corybante
671 3187 788 3245 videbis.
934 3199 939 3207 “
1063 3188 1103 3248 25

119 3269 221 3348 turgia
233 3272 402 3348 proludunt;
424 3269 474 3326 sed
488 3285 555 3326 mox
571 3278 600 3326 et
613 3267 714 3344 pocula
728 3279 841 3345 torqutta
896 3344 899 3348 ἠ

119 3349 251 3422 Saucius,
263 3363 292 3409 et
305 3350 390 3408 rubri
403 3350 533 3424 deterges
547 3347 661 3405 vulnere
675 3347 787 3424 mappt,

118 3427 198 3485 Inter
212 3448 261 3487 vos
274 3430 383 3502 quoties
397 3429 616 3502 libertorumque
630 3429 774 3485 cohortem

118 3505 221 3582 Pugna
236 3508 395 3582 Saguntini
410 3508 498 3566 servet
511 3506 661 3563 commissa
674 3506 786 3579 legenti.

118 3581 184 3660 Ipse
199 3585 331 3662 capillato
344 3584 477 3640 diffusum
492 3585 608 3642 consule
621 3593 709 3656 potat,

118 3663 323 3738 Calcatamque
338 3673 414 3718 tenet
428 3663 508 3720 bellis
522 3660 675 3720 socialibus
689 3676 781 3731 uvam,
860 3699 890 3748 ss

118 3741 261 3802 cardiaco
273 3759 418 3816 nunquam
429 3741 561 3815 cyathum
576 3738 713 3796 missurus
726 3732 894 3837 amicocffigg

841 3836 867 3884 J,
