2494 4274
482 215 606 263 saulus
622 215 671 264 Xl.

83 351 200 410 AEmnla
213 351 329 410 Picenis
342 364 371 410 et
383 353 477 411 odoris
491 355 564 412 mala
579 356 710 430 recentis,

82 430 147 488 Nec
162 431 316 488 metuenda
330 431 390 503 tibi,
404 432 542 489 siccatum
557 433 659 510 frigore
673 446 819 511 postquam

82 509 265 565 Autumnum
279 519 307 564 et
321 510 401 566 crudi
415 508 536 584 posuere
550 513 675 585 pericula
688 513 776 570 succi.

83 583 157 643 Haec
170 586 241 643 olim
256 586 343 643 nostri
354 586 413 661 jam
427 587 571 646 luxuriosa
585 589 700 648 senatris

82 662 175 720 Coena
192 663 252 720 suit.
294 663 411 735 Curius,
425 683 510 739 parvo
523 685 586 738 quar
599 667 705 742 legerat
718 669 811 741 horto,

82 740 149 818 lpse
162 741 234 798 socis
247 740 377 798 brevibus
391 743 513 819 ponebat
527 744 664 816 oluscula,
678 764 740 821 quae
754 764 833 804 nunc

83 819 239 895 Squalidus
252 818 281 876 in
297 819 400 895 magni
412 820 517 878 fastidit
530 824 668 897 compede
680 823 779 896 fossor,

81 896 146 958 Qui
160 897 300 968 meminit,
314 897 413 954 calide
428 899 516 974 sapiat
530 899 596 974 quid
611 899 693 958 vulva
706 901 825 978 popinae.

83 975 162 1032 Sicci
177 986 257 1050 terga
271 975 339 1046 suis,
353 977 416 1032 rard
430 977 581 1051 pendentia
596 989 682 1050 crate,

83 1051 174 1108 Moris
188 1063 248 1109 erat
261 1054 402 1127 quondam
417 1054 495 1110 festis
509 1073 618 1112 servare
630 1057 740 1130 diebus,

83 1129 121 1189 Et
135 1131 294 1187 natalitium
308 1131 437 1207 cognatis
450 1151 555 1206 ponere
568 1132 688 1206 lardum,

84 1209 253 1266 Accedente
266 1209 349 1280 nord,
365 1210 388 1266 si
401 1228 486 1283 quarn
501 1210 585 1267 dabat
599 1212 699 1283 hostia,
714 1230 809 1270 carne.

83 1284 278 1362 Cognatorum
292 1286 401 1361 aliquis,
415 1287 497 1344 titulo
510 1298 552 1344 ter
566 1289 700 1361 consulis,
715 1301 797 1366 atque

83 1363 252 1421 Castrorum
262 1365 388 1441 imperiis
402 1375 431 1421 et
445 1366 588 1422 dictatoris
602 1369 708 1424 honore

83 1441 224 1514 Functus,
239 1443 273 1498 ad
288 1443 339 1498 has
350 1443 448 1518 epulas
459 1442 540 1500 solito
554 1441 691 1500 maturiirs
705 1445 772 1516 ibat,

83 1518 220 1577 Eiectum
233 1520 340 1578 domito
350 1520 475 1577 referens
489 1532 612 1578 amonte
625 1521 758 1596 ligonem.

82 1597 186 1658 Quum
199 1608 352 1656 tremerent
366 1609 461 1655 autem
476 1598 591 1670 Fabios,
606 1599 763 1673 durumque
777 1599 927 1673 Catonem,

83 1673 122 1732 Et
134 1676 267 1748 Scauros,
278 1685 307 1732 et
320 1673 475 1747 Fabricios,
486 1674 626 1752 postremo
641 1695 752 1735 severos

85 1751 222 1810 Censoris
235 1772 328 1811 mores
341 1754 427 1811 etiam
441 1753 551 1829 collega
565 1754 692 1826 timeret;

83 1829 180 1902 Nemo
192 1831 265 1888 inter
279 1849 362 1888 curas
375 1842 404 1889 et
417 1833 490 1888 seria
503 1833 583 1888 duxit
596 1833 759 1891 babendum
805 1830 807 1836 ’

82 1907 188 1968 Qualis
202 1909 232 1966 in
245 1909 347 1966 oceani
358 1909 446 1966 fluctu
460 1910 572 1967 testudo
585 1921 705 1980 nataret,

84 1984 203 2042 Clarum
217 1987 391 2063 Trojugenis
404 1987 513 2042 factura
526 2005 560 2043 ac
574 1987 667 2044 nobile
682 1987 819 2045 fulcrum:

84 2064 141 2120 Sed
157 2065 235 2121 nudo
248 2065 335 2121 latere
350 2074 378 2120 et
391 2064 483 2139 parvis
495 2063 570 2120 frons
584 2083 657 2121 aerea
669 2065 750 2122 lectis

83 2141 149 2198 Vile
164 2143 290 2200 coronati
304 2153 390 2216 caput
402 2141 570 2198 ostendebat
584 2143 672 2215 aselli,

82 2219 132 2274 Ad
145 2221 220 2294 quod
235 2220 333 2278 lascivi
346 2219 482 2276 ludebant
495 2221 567 2276 ruris
581 2221 696 2278 alumni.

82 2295 172 2355 Tales
186 2295 255 2372 ergo
269 2298 335 2366 cibi,
349 2297 438 2372 qualis
452 2297 552 2354 do'mus
566 2309 649 2372 atque
665 2299 799 2374 supellex

82 2372 172 2431 Tunc
185 2376 264 2432 rudis
277 2385 306 2431 et
318 2375 418 2432 Graias
431 2375 526 2432 mirari
540 2376 653 2431 nescius
667 2387 750 2446 artes,

81 2451 209 2509 Urbibus
222 2454 337 2523 eversis,
350 2454 508 2528 praedarum
524 2452 553 2508 in
567 2463 645 2527 parte
660 2453 770 2526 reperti

82 2527 255 2604 Magnorum
270 2530 409 2588 artificum
423 2529 570 2605 frangebat
582 2529 684 2604 pocula
697 2529 788 2600 miles,

81 2605 121 2662 Ut
134 2607 259 2681 phaleris
273 2609 408 2683 gauderet
421 2627 519 2682 equus,
533 2608 687 2681 celataque
701 2607 789 2664 cassis

82 2682 234 2740 Romuleae
249 2685 400 2742 simulacra
414 2686 480 2742 serae
495 2703 692 2742 mansuescere
702 2684 788 2761 jussae

82 2762 200 2837 Imperii
214 2763 281 2834 sato,
295 2764 423 2837 geminos
437 2763 490 2819 sub
503 2782 572 2840 rupe
586 2763 735 2834 Quirinos,

82 2841 129 2898 Ac
143 2841 250 2897 nudam
264 2841 386 2916 effigiem
401 2841 499 2916 clypeo
513 2841 651 2898 venientis
664 2852 693 2899 et
707 2842 787 2898 hastd

54 2943 59 2948 ·
82 2918 294 2992 Pendentisque
307 2919 363 2988 dei,
377 2919 500 2993 perituro
513 2920 676 2976 ostenderet
689 2919 773 2975 hosti.

82 2996 206 3070 Argenti
217 2996 289 3069 quod
305 3007 374 3064 erat,
389 2995 455 3052 solis
468 2995 593 3067 fulgebat
607 2995 637 3050 in
651 2994 747 3049 armis.

82 3072 233 3130 Ponebant
243 3073 328 3148 igitur
344 3071 443 3127 Tusco
457 3069 559 3126 farrata
573 3071 675 3124 catino.

82 3151 190 3207 Omnia
204 3161 282 3221 tunc,
297 3149 398 3224 quibus
411 3146 547 3215 invideas,
561 3145 585 3200 si
599 3143 730 3200 lividulus
744 3142 790 3198 sis.

82 3215 270 3302 Tem'plorum
285 3243 395 3302 quoque
407 3223 537 3298 majestas
550 3220 722 3298 praesentior,
733 3231 762 3278 et
775 3240 827 3279 vox

82 3303 178 3362 Nocte
193 3303 250 3361 sere
265 3305 369 3376 medii,
384 3301 560 3376 mediamque
575 3301 671 3359 audita
684 3318 734 3377 per
749 3299 864 3374 Urbem,

82 3383 192 3440 Littore
207 3383 243 3438 ab
256 3382 366 3440 Oceani
378 3381 467 3439 Gallis
481 3381 668 3451 venientibus,
682 3391 711 3438 et
722 3379 766 3437 dis

82 3460 221 3517 Officium
235 3461 305 3517 vatis
318 3459 528 3536 peragentibus,
543 3459 586 3516 his
600 3459 711 3515 monuit
724 3477 785 3515 nos.

83 3538 170 3594 Hanc
184 3539 269 3595 rebus
283 3537 371 3594 Latiis
385 3555 482 3594 curam
496 3548 627 3612 praestare
641 3533 749 3590 solebat

83 3615 194 3676 Fictilis
208 3625 237 3670 et
250 3613 328 3670 nullo
343 3612 459 3668 violatus
470 3613 581 3688 Jupiter
596 3628 672 3666 auro.

84 3691 138 3750 Illa
151 3692 228 3751 domi
243 3701 323 3748 natas
337 3689 487 3764 nostraque
501 3709 537 3746 ex
549 3686 647 3746 arbore
661 3703 775 3746 mensas
