2502 4284
172 267 213 328 90
510 262 541 310 n.
559 261 672 311 nnnsn
689 259 813 310 resecr

174 407 344 484 Surgentem
358 403 457 463 dextro
470 405 633 462 monstravit
646 403 735 462 limite
750 403 860 461 callem.

174 484 275 544 Stertis
289 483 401 541 adhuct
422 478 572 558 laxumque
586 492 671 558 caput
681 499 819 558 compage
832 481 925 539 soluti

172 563 286 621 Oscitat
299 563 472 633 hesternum,
487 561 602 618 dissutis
613 559 739 635 undique
754 560 856 624 malis?

175 642 226 700 Est
240 641 346 718 aliquid
359 638 415 716 qud
429 640 532 712 tendis,
545 650 574 697 et
589 639 618 696 in
631 639 706 714 quod
719 638 818 715 dirigis
833 639 951 695 arcuml
1124 639 1167 695 00

175 722 224 778 An
237 720 340 798 passim
355 718 480 794 sequeris
493 737 592 776 corvos
605 717 734 792 testique
747 717 872 792 lutoque,

175 801 301 856 Securus
314 795 370 873 qud
383 817 433 873 pes
448 797 527 869 ferat,
541 807 623 872 atque
637 814 673 852 ex
685 807 810 870 ternpore
824 795 913 852 vivisl

215 875 399 933 Helleborum
414 873 526 946 frustrd,
540 893 627 948 quum
638 874 696 949 jarn
710 875 785 931 cutis
799 892 874 950 egra
886 873 1016 944 tumebit,

175 953 328 1010 Poscentes
343 953 454 1009 videas:
475 952 599 1008 venienti
614 953 755 1010 occurrite
766 953 872 1010 morbo.

175 1031 213 1088 Et
225 1031 293 1106 quid
303 1049 373 1107 opus
384 1029 501 1088 Cratero
516 1049 634 1106 magnos
646 1031 808 1105 promittere
822 1032 951 1088 montes?
1122 1029 1166 1084 65

176 1109 286 1166 Discite
311 1109 337 1168 io
360 1108 466 1181 miseri,
479 1118 508 1165 et
521 1127 623 1166 causas
637 1109 800 1184 cognoscite
811 1111 918 1166 rerum!

175 1188 255 1248 Quid
270 1206 376 1259 sumus,
390 1197 419 1244 et
432 1187 566 1262 quidnam
581 1187 680 1244 victuri
695 1186 857 1262 gignimurl
876 1189 946 1245 ordo

175 1266 251 1326 Quis
263 1268 355 1338 datus,
369 1277 417 1323 aut
431 1277 513 1322 metae
527 1264 611 1340 qudm
626 1265 716 1323 mollis
730 1265 828 1337 flexus,
842 1277 870 1322 et
884 1267 980 1322 undel

174 1344 252 1406 Quis
266 1345 366 1404 modus
380 1345 519 1420 argentol
539 1345 608 1419 quid
624 1344 665 1400 sas
678 1345 795 1419 optaret
815 1345 882 1420 quid
898 1363 978 1419 asper

176 1423 251 1482 Utile
266 1442 400 1482 nummus
414 1424 519 1480 habetl
543 1423 640 1497 patriae
656 1423 784 1496 carisque
798 1423 960 1498 propinquis
1122 1419 1163 1479 70

175 1501 325 1562 Quantum
340 1503 453 1578 elargiri
468 1503 589 1558 deceatl
609 1512 734 1576 quem-te
748 1502 818 1557 deus
832 1519 895 1558 esse

176 1581 194 1638 J
197 1582 275 1652 ussit,
289 1592 318 1638 et
332 1581 457 1637 humanit
470 1581 526 1654 qud
540 1590 618 1653 parte
633 1579 741 1636 locatus
751 1597 782 1635 es
796 1580 824 1636 in
840 1580 888 1636 rel

177 1659 279 1716 Disce:
300 1677 355 1715 nec
369 1658 504 1727 invideas,
518 1655 594 1730 qudd
609 1657 697 1714 multa
710 1658 804 1714 tidelia
816 1669 896 1733 putet

177 1737 211 1792 ln
226 1736 365 1811 locuplete
378 1752 465 1810 penu,
479 1734 602 1790 defensis
615 1735 769 1810 pinguibus
783 1735 907 1806 Umbris,

178 1815 213 1870 Et
227 1814 314 1890 piper,
329 1824 357 1870 et
367 1831 472 1888 perne,
488 1811 575 1868 Marsi
590 1825 773 1870 monumenta
787 1814 907 1884 clientis,

177 1891 327 1966 Menaque
341 1889 417 1966 qudd
431 1890 522 1966 primi
535 1891 662 1947 nondum
676 1892 811 1949 defecerit
824 1892 900 1948 orci.

216 1970 275 2028 Hic
289 1969 389 2044 aliquis
403 1971 438 2027 de
452 1980 537 2046 gente
552 1970 663 2026 hircosa
677 1970 875 2028 centurionum

176 2049 271 2120 Dicat,
285 2049 373 2109 Quod
387 2046 454 2105 satis
468 2059 520 2118 est,
535 2049 612 2124 sapio
627 2047 713 2105 mihi:
734 2068 790 2104 non
805 2067 858 2122 ego
872 2065 940 2102 curo

176 2127 256 2196 lisso,
271 2127 345 2200 quod
360 2127 504 2182 Arcesilas
519 2127 723 2201 aerumnosique
738 2127 865 2196 Solones,

176 2205 296 2278 Obstipo
310 2203 411 2278 capite,
423 2216 451 2260 et
465 2204 584 2278 figentes
598 2203 703 2261 lumine
717 2215 829 2274 terram,

176 2281 324 2338 Murmura
337 2299 424 2356 quum
438 2300 535 2338 secum
549 2293 577 2338 et
590 2281 700 2339 rabiosa
714 2282 823 2338 silentia
836 2279 948 2349 rodunt,

176 2361 271 2434 Atque
286 2370 450 2435 exporrecto
465 2361 635 2416 trutinantur
649 2362 733 2418 verba
747 2358 856 2428 labello,

176 2437 287 2514 AEgroti
302 2438 403 2496 veteris
417 2439 584 2496 meditantes
598 2441 716 2508 somnia,
730 2437 809 2512 gigni

176 2517 220 2574 De
235 2516 322 2574 nihilo
336 2516 416 2588 nihil,
431 2517 459 2574 in
475 2517 594 2574 nihilum
609 2518 648 2574 nil
663 2535 743 2591 posse
757 2513 865 2572 reverti.

177 2596 241 2653 Hoc
255 2607 307 2666 est,
322 2593 399 2669 quod
413 2596 522 2668 pallesl
544 2615 594 2651 cur
607 2596 670 2668 quis
684 2612 740 2650 non
754 2593 900 2668 prandeat,
915 2589 969 2646 hoc
982 2598 1025 2646 est
1037 2589 1045 2644 l
1115 2590 1156 2646 85

176 2674 230 2730 His
243 2673 363 2747 populus
377 2673 463 2728 ridet:
485 2671 659 2746 multquue
671 2683 763 2728 torosa
773 2671 907 2744 juventus

177 2751 338 2824 Ingeminat
352 2749 484 2806 tremulos
498 2769 567 2805 naso
582 2752 721 2822 crispante
736 2748 898 2804 cachinnos

215 2825 346 2901 Inspice:
368 2827 465 2884 nescio
478 2827 543 2900 quid
559 2827 677 2901 trepidat
692 2826 760 2880 mihi
774 2837 883 2899 pectus,
898 2835 927 2881 et
941 2823 1022 2898 aegris

176 2903 320 2961 Faucibus
334 2915 483 2980 exsuperat
496 2905 587 2979 gravis
598 2904 715 2960 halitus:
737 2903 855 2978 inspice,
871 2904 963 2974 sodes,

175 2983 235 3046 Qui
250 2983 320 3041 dicit
334 2984 454 3056 medico,
467 2984 562 3060 jussus
575 2983 760 3057 requiescere,
771 2993 918 3056 postquam
1115 2980 1155 3035 00

175 3061 276 3120 Tertia
289 3064 458 3139 compositas
471 3063 540 3120 vidit
554 3081 610 3120 nox
623 3080 735 3118 currere
750 3079 845 3130 venas,

176 3141 221 3204 De
234 3142 338 3216 majore
353 3143 437 3200 domo
450 3139 561 3200 modice
576 3141 688 3198 sitiente
701 3139 814 3214 legend,

175 3219 266 3276 Lenia
279 3221 369 3278 loturo
383 3221 436 3276 sibi
451 3220 618 3275 Surrentina
632 3219 747 3292 rogavit.
989 3285 995 3298 ὓ

176 3297 257 3352 IIeus
271 3295 354 3364 bone,
368 3305 398 3351 tu
412 3294 507 3366 palles.
549 3294 647 3348 fNihit
661 3296 721 3349 est!
763 3293 870 3349 Videas
878 3299 973 3344 tamen
987 3291 1074 3363 istim,

174 3371 322 3445 Quicquid
336 3370 364 3426 id
378 3379 438 3424 est:
459 3367 548 3442 surgit
562 3365 646 3424 tacite
662 3369 712 3424 tibi
726 3369 802 3424 lutea
814 3365 902 3440 pellis.
1115 3371 1155 3427 95

176 3452 234 3508 ‘At
247 3459 278 3506 tu
291 3443 415 3504 deterius
427 3444 531 3520 palles:
552 3465 589 3503 ne
604 3443 642 3500 sis
655 3445 725 3500 mihi
738 3455 829 3502 tutor:

176 3529 194 3585 J
198 3547 241 3586 arn
256 3525 363 3604 pridem
377 3525 454 3582 hunc
468 3522 572 3600 sepeli:
592 3535 624 3582 tu
637 3524 742 3580 restas)
785 3522 886 3598 Perge,
900 3523 1002 3581 tacebo

176 3607 323 3680 'l'urgidus
337 3605 384 3661 hic
397 3603 496 3680 epulis,
513 3614 595 3678 atque
610 3603 673 3661 albo
686 3613 791 3674 ventre,
805 3601 924 3674 lavatur,

175 3682 297 3739 Gutture
311 3682 448 3739 sulfureas
461 3679 537 3739 lente
552 3683 700 3739 exhalante
714 3681 860 3757 mephites.

177 3757 235 3814 Sed
248 3769 352 3816 tremor
366 3759 439 3816 inter
453 3758 518 3814 vina
529 3761 612 3834 subit,
627 3760 805 3836 calidumque
819 3758 929 3817 triental
970 3829 977 3844 „
1100 3759 1154 3816 100
