2494 4274
138 233 179 292 w
450 230 482 278 D.
499 230 596 278 JUNll
613 227 808 278 JUVENALIS

140 373 173 431 si
186 371 273 442 libet;
295 372 363 430 hinc
377 381 493 429 centum
507 371 677 447 patrimonia
690 369 910 441 causidicorum,

140 449 226 510 Parte
241 451 296 509 alit
310 450 402 509 solum
416 452 518 508 russati
533 468 606 526 pone
621 449 767 506 Lacernae.
796 462 885 504 fin-w
925 487 952 518 ,ὁ

139 528 306 590 Consedere
320 529 425 586 duces:
447 529 540 604 surgis
554 537 584 584 tu
598 517 809 602 pallidffs'Ajax

139 605 279 666 Dicturus
292 607 380 664 dubia
393 626 444 683 pro
456 606 595 676 libertate,
610 605 732 662 bubulco

141 685 254 748 Judice.
295 685 411 761 Rumpe
425 687 509 742 miser
522 697 634 743 tensum
646 684 738 758 jecur,
752 691 784 739 ut
797 681 847 739 tibi
860 679 935 740 lasso

141 763 281 839 Figuntur
295 763 408 833 virides,
421 763 562 819 scalarum
574 761 673 835 gloria,
687 761 797 835 palmae.

140 840 230 900 Quod
244 841 321 898 vocis
334 840 475 916 pretiuml
495 841 589 896 siccus
602 837 814 912 petasunculus,
828 848 857 894 et
870 857 919 895 vas

141 917 346 992 Pelamydum3
369 927 417 974 aut
430 927 548 986 veteres,
562 916 697 972 Afrorum
711 915 862 989 epimenia,
877 916 955 974 bulbi
963 935 972 986 ;
1067 917 1127 974 120

142 998 203 1053 Aut
216 997 314 1052 vinum
328 993 428 1052 Tiberi
442 995 602 1063 devectum,
616 992 740 1068 quinque
754 992 839 1067 lagen
865 1035 874 1062 ,
1119 999 1124 1012 ’

182 1074 214 1131 si
228 1083 328 1154 ‘BQ
326 1071 433 1148 egisti,
447 1072 471 1128 si
485 1072 605 1146 contigit
618 1089 720 1128 aureus
734 1089 819 1142 unus,
863 1063 866 1074 '
896 1047 979 1114 dal.
996 1096 1001 1111 ·
1020 1083 1023 1098 ²

142 1149 217 1210 Indd
232 1151 339 1209 cadunt
351 1163 444 1226 partes
457 1169 493 1208 ex
507 1150 611 1206 soedere
625 1148 873 1225 pragmaticorum.

143 1229 262 1289 AEmilio
275 1229 398 1301 dabitur,
412 1226 550 1304 quantiam
563 1229 639 1300 licet,
653 1237 682 1285 et
695 1224 797 1284 melida
811 1246 863 1285 nos

142 1307 279 1383 Egimus:
301 1307 385 1383 hujus
398 1308 475 1364 enim
489 1317 544 1364 stat
557 1325 656 1364 currus
670 1309 788 1377 adneus,
802 1305 851 1364 alti

141 1386 337 1462 Quadriiugos
351 1386 382 1443 in
396 1385 550 1457 vestibulis,
564 1395 646 1460 atque
661 1385 720 1461 ipse
736 1383 822 1442 seroci

143 1463 284 1524 Bellatcre
299 1465 402 1522 sedens
412 1461 559 1522 curvatum
573 1465 674 1521 hastile
687 1463 810 1520 minatur

142 1541 275 1614 Eminus‚
289 1554 318 1600 et
331 1543 424 1600 statuti
437 1544 587 1600 meditatur
601 1541 800 1616 proelialuscd.

143 1621 194 1678 Sic
209 1621 287 1678 Pedo
300 1621 459 1691 conturbat,
474 1619 572 1676 Matho
586 1619 698 1676 deficit:
719 1619 811 1674 exitus
825 1617 872 1676 hic
885 1629 929 1678 cst

143 1699 281 1774 Tongilii,
295 1715 399 1772 magno
412 1715 479 1754 cum
493 1697 669 1755 rhinocerote
683 1695 769 1753 lavari

142 1776 205 1839 Qui
219 1776 299 1847 solet,
313 1786 343 1832 et
356 1785 438 1832 vexat
450 1775 591 1833 lutulenta
604 1775 706 1832 balnea
718 1773 811 1846 turbat,

143 1854 252 1929 Perque
267 1854 357 1911 lorum
368 1852 487 1928 juvenes
500 1853 585 1929 longo
598 1855 699 1929 premit
712 1872 815 1924 assere,
829 1852 932 1912 Medos

143 1931 298 2008 Empturus
310 1951 422 2008 pueros,
437 1943 595 2008 argentum,
608 1932 764 2003 murrhina,
779 1932 865 1990 villas.

144 2011 272 2087 Spondet
284 2011 361 2068 enim
375 2011 465 2086 Tyrio
478 2011 602 2069 stlataria
615 2030 737 2087 purpura
755 2010 809 2068 filo.

142 2087 182 2148 Et
194 2100 289 2148 tamen
303 2100 346 2146 est
358 2089 413 2146 illis
427 2090 482 2146 hoc
495 2089 580 2147 utile:
600 2108 723 2165 purpura
737 2089 833 2146 vendit

142 2165 339 2238 Causidicum,
353 2167 480 2225 vendunt
494 2167 697 2242 amethystina:
719 2166 851 2224 convenit
864 2165 920 2225 illis

142 2243 182 2303 Et
195 2243 323 2320 strepitu,
336 2253 366 2300 et
379 2244 451 2302 facie
465 2245 578 2320 majoris
592 2245 684 2302 vivere
698 2243 809 2301 ceneris.

144 2323 202 2380 Sed
216 2321 302 2380 finem
315 2322 452 2396 impense
465 2341 523 2380 non
537 2333 629 2380 servat
640 2323 758 2398 prodiga
771 2321 874 2380 Roma.

143 2400 274 2459 Fidimus
288 2400 420 2475 eloquiol
461 2401 594 2460 Ciceroni
608 2421 693 2459 nemo
706 2402 845 2458 ducentos

143 2478 232 2538 Nunc
246 2479 356 2537 dederit
369 2499 510 2554 nummos,
524 2479 580 2538 nisi
595 2481 703 2538 fulserit
713 2479 836 2537 annulus
849 2478 960 2556 ingens.
1069 2477 1128 2537 140

143 2557 276 2636 Respicit
289 2558 352 2615 heo
364 2557 497 2634 primdm,
511 2560 560 2634 qui
574 2559 674 2633 litigat,
689 2577 725 2615 an
739 2558 790 2614 tibi
803 2557 875 2614 servi

143 2637 229 2709 Octo,
243 2637 344 2692 decem
357 2637 486 2706 comites,
500 2655 537 2692 an
550 2648 614 2711 post
627 2649 655 2694 te
669 2636 745 2705 sella,
756 2635 844 2710 togati

143 2716 222 2771 Ante
235 2713 331 2787 pedes.
372 2712 443 2770 Ideo
457 2713 601 2770 conducit
614 2713 719 2771 Paulus
733 2713 834 2786 agebat

144 2791 337 2865 Sardonyche,
352 2800 435 2865 atque
448 2791 513 2847 ideo
525 2790 622 2866 pluris,
637 2790 721 2865 quam
737 2791 842 2848 Cossus
856 2791 967 2865 agebat,

142 2865 243 2930 Quam
258 2868 378 2926 Basilus.
420 2867 500 2926 Rara
513 2869 542 2926 in
556 2870 635 2926 tenui
650 2869 783 2927 facundia
796 2873 941 3004 pannoqL

142 2947 269 3008 Quando
282 2946 350 3005 licet
363 2947 457 3006 Basilo
471 2947 584 3005 flentem
598 2949 754 3024 producere
768 2959 886 3005 matrem

142 3025 219 3085 Quis
233 3025 306 3083 bene
320 3026 463 3085 dicentem
474 3027 600 3086 Basilum
615 3027 707 3085 serati
747 3027 880 3102 Accipiat
892 3035 921 3084 te

142 3105 247 3176 Gallia,
261 3105 304 3164 vel
317 3103 412 3181 potiris
425 3107 568 3165 nutricula
582 3107 791 3164 causidicorum

143 3184 252 3253 Africa,
267 3184 291 3239 si
304 3184 410 3258 placuit
424 3188 585 3242 mercedem
598 3205 703 3259 ponere
717 3185 830 3258 tingue.
1005 3225 1008 3232 ·

182 3260 351 3315 Declamare
366 3262 471 3315 docesl
512 3261 540 3314 Ο
555 3261 644 3315 ferrea
657 3272 771 3332 pectora
785 3257 881 3327 Vecti,
1069 3258 1126 3316 150

141 3337 243 3397 Quum
256 3336 369 3409 perimit
383 3353 472 3390 saevos
485 3335 582 3390 classis
596 3353 745 3391 numerosa
758 3347 900 3408 tyrannos.

142 3413 172 3470 N
175 3433 220 3471 am
233 3429 409 3488 quecunque
424 3412 527 3468 sedens
540 3409 625 3469 modd
640 3412 755 3486 legerat,
770 3413 832 3468 haec
842 3411 941 3468 eadem
956 3421 1034 3472 stans

142 3491 278 3563 Proferet,
293 3501 376 3564 atque
390 3489 489 3545 eadem
504 3489 629 3546 cantabit
642 3490 769 3546 versibus
782 3488 884 3548 isdem.

142 3569 259 3628 Occidit
272 3570 389 3626 miseros
402 3568 516 3626 crambe
531 3568 648 3643 repetita
662 3568 817 3644 magistros.

141 3646 219 3707 Quis
232 3648 318 3720 color,
332 3658 361 3704 et
373 3647 448 3720 quod
462 3647 498 3705 sit
511 3666 604 3704 causae
617 3666 718 3722 genus,
732 3659 815 3722 atque
829 3647 878 3704 ubi
897 3665 1008 3706 summa
1069 3647 1125 3704 155

141 3723 282 3798 Quaestio,
296 3744 358 3802 que
371 3723 485 3782 veniant
498 3725 614 3782 diverse
629 3723 699 3784 sorte
714 3726 833 3802 sagittae,

1092 1045 1097 1052 ⁴
1162 1066 1175 1100 a
