2494 4274
490 257 614 310 SATIRA
632 261 678 310 Vl·

81 399 218 476 Grrtnque
230 399 370 476 paludatis
383 400 514 472 ducibus,
527 415 665 479 presente
678 405 788 480 marito,
868 405 881 446 l

82 477 152 554 Ipsa
165 478 242 554 loqui
256 480 336 536 recti
350 479 423 536 facie
437 481 595 556 strictisque
611 483 751 541 mamillis.
1011 487 1073 547 200

83 555 160 614 Haec
174 559 276 614 eadem
290 557 379 628 novit,
394 558 461 632 quid
475 568 534 616 toto
547 561 596 617 tiat
610 561 639 618 in
653 562 737 631 orbe;

80 635 166 696 Quid
182 637 276 708 Seres,
291 636 358 711 quid
372 635 503 694 Thraces
516 649 621 713 agant:
643 651 753 698 secreta
767 655 899 701 noverca
955 665 971 728 ῑ

81 713 120 771 Et
133 716 234 790 pueri:
256 715 319 789 quis
333 727 417 786 amet,
430 716 493 792 quis
507 717 654 792 diripiatur
667 718 826 776 adulter.-
930 715 944 764 Ι

82 792 246 852 Instantem
261 794 320 870 regi
335 795 473 852 Armenio
486 793 646 871 Parthoque
664 808 796 856 cometen

82 871 181 929 Prinne
196 873 286 941 ridet3
309 873 412 930 famem
425 891 606 949 rumoresque
621 875 668 932 illa
687 885 817 934 recentes
1012 878 1073 941 296

82 949 202 1027 Excipit
215 951 250 1008 ad
264 962 375 1026 portes:
395 953 531 1027 quosdam
545 953 620 1010 iacit.
661 952 723 1012 Isse
738 955 894 1032 Niphaten!

83 1028 120 1086 ln
134 1030 265 1106 populos,
279 1047 439 1106 magnoque
452 1030 512 1088 illic
525 1041 630 1089 cuncta
644 1050 709 1090 arva
722 1035 815 1094 teneri

83 1107 210 1180 Diluvio,
225 1120 325 1166 nutare
340 1109 432 1180 urbes,
451 1109 598 1167 subsidere
610 1120 711 1184 terras,

81 1185 268 1263 Quocunque
282 1187 312 1244 in
325 1187 416 1259 trivio,
429 1191 591 1264 cuicunque
605 1200 648 1246 est
661 1191 754 1264 obvia,
769 1203 873 1252 narrat.
994 1199 1017 1238 ὓ

123 1265 190 1323 Nec
204 1277 299 1324 tamen
314 1267 343 1322 id
357 1267 456 1324 vitium
470 1265 562 1343 magis
576 1268 762 1345 intolerabile,
774 1269 861 1348 quarn
873 1269 952 1350 qudd
1010 1273 1072 1334 800

84 1343 206 1403 Vicinos
220 1345 341 1402 humiles
353 1363 453 1420 rapere
466 1356 495 1402 et
508 1347 661 1404 concidere
675 1347 741 1408 loris

83 1421 210 1481 Exorata
222 1423 301 1480 solet.
343 1421 420 1480 Nam
430 1424 455 1480 si
468 1423 614 1479 latratibus
628 1425 677 1482 alti

83 1501 269 1576 Rumpuntur
283 1502 395 1569 somni;
418 1499 521 1558 Fustes
535 1502 592 1558 huc
605 1500 696 1574 ocids,
711 1504 811 1580 inquit,

84 1581 204 1652 Afferte,
219 1593 303 1656 atque
318 1580 373 1637 illis
387 1574 534 1637 dominum
546 1580 628 1656 jubet
641 1579 708 1640 ante
725 1583 812 1658 feriri,

83 1658 197 1716 Deinde
208 1678 318 1717 canem.
359 1659 459 1718 Gravis
472 1677 605 1731 occursu,
619 1661 762 1719 teterrima
775 1663 865 1740 vultu,
1008 1667 1073 1728 8⁰5

83 1738 192 1796 Ralnea
205 1748 289 1796 nocte
302 1738 379 1795 subit
390 1759 398 1809 ;
417 1738 542 1796 conchas
555 1749 584 1798 et
597 1751 690 1797 castra
703 1743 810 1801 moveri

83 1815 177 1874 Nocte
189 1817 286 1893 jubet;
308 1835 411 1893 magno
424 1817 530 1892 gaudet
543 1818 645 1874 sudare
659 1821 792 1893 tumultu,

79 1894 184 1956 Quum
197 1896 299 1953 lassata
309 1897 386 1970 gravi
400 1897 566 1953 occiderunt
579 1897 695 1954 brachia
709 1899 853 1958 massa.-

83 1974 219 2032 eonvive
231 1974 326 2031 miseri
340 1975 448 2031 interea
461 1993 615 2049 somnoque
630 1974 759 2050 sanaeque

82 2052 255 2130 Urguentur.
297 2053 431 2110 Tandem
445 2052 492 2110 illa
505 2053 582 2110 venit
595 2054 793 2128 rubicundula,
807 2065 898 2116 taum
1009 2059 1068 2119 81⁰

81 2129 284 2208 OEnophorum
296 2131 405 2204 sitiens,
416 2132 500 2208 plena
514 2133 588 2208 quod
601 2133 727 2191 tenditur
737 2135 811 2194 urna

83 2211 240 2268 Admotum
254 2210 383 2285 pedibus,
397 2213 433 2267 de
447 2229 502 2285 quo
516 2211 654 2268 sextarius
668 2212 738 2270 alter

82 2288 206 2346 Ducitur
220 2300 284 2346 ante
299 2289 405 2361 cibum,
419 2290 547 2346 rabidam
561 2291 687 2348 facturus
700 2292 817 2350 orexim.

82 2366 160 2424 Dum
175 2369 249 2426 redit
262 2378 291 2425 et
303 2368 361 2426 loto
374 2379 478 2426 terram
492 2368 556 2425 serit
567 2369 711 2440 intestino,

82 2445 274 2504 Marmoribus
287 2446 338 2503 rivi
352 2458 514 2523 properant,
529 2456 578 2503 eut
590 2447 647 2502 lata
660 2447 818 2504 Falernum
1007 2453 1067 2509 ato

81 2525 173 2583 Pelvis
186 2525 261 2583 olet:
282 2543 349 2582 narn
362 2525 414 2597 sic,
428 2535 563 2600 tanquam
576 2523 632 2581 alta
643 2523 672 2580 in
687 2525 762 2582 dolia
776 2525 877 2602 longus

81 2603 230 2662 Deciderit
242 2623 367 2680 serpens,
384 2604 454 2662 bibit
467 2615 496 2680 et
509 2604 603 2662 vomit
645 2601 723 2679 Ergb
738 2604 856 2663 maritus

81 2681 219 2754 Nauseat,
234 2693 317 2758 etque
330 2682 420 2740 oculis
434 2683 520 2754 bihn
534 2682 701 2759 substringit
713 2684 827 2759 opertis.

119 2761 174 2819 Illa
187 2773 284 2818 tamen
298 2761 417 2838 gravior,
431 2779 504 2837 quae,
516 2781 602 2837 quum
617 2763 796 2822 discumbere
810 2774 907 2844 ccsprt,

80 2837 193 2898 Laudat
206 2839 368 2916 Virgilium,
382 2841 513 2917 periture
525 2841 647 2918 ignoscit
661 2841 771 2914 Elissae,
1004 2843 1064 2904 Μ

80 2918 241 2977 Committit
253 2929 329 2976 vates
342 2928 371 2976 et
383 2931 545 2996 comparat3
567 2920 634 2977 inde
648 2919 807 2994 Maronem,

81 3000 175 3072 Atque
189 2998 245 3056 uit
255 3008 333 3073 parte
347 2997 377 3054 in
391 2999 499 3056 trutina
513 2998 659 3072 suspendit
672 2997 839 3054 Homerum.

80 3077 107 3134 C
108 3077 196 3135 edunt
209 3076 396 3153 grammatici,
410 3075 562 3131 sumantur
576 3076 711 3144 rhetores,
724 3074 818 3130 omnis

81 3154 181 3214 'larba
195 3165 287 3225 tacet3
308 3170 364 3210 nec
377 3151 549 3223 causidicus,
563 3169 618 3207 nec
632 3168 726 3226 preco
740 3151 878 3226 loquatur,

82 3233 180 3292 Altera
194 3252 249 3292 nec
262 3232 381 3302 mulier3
401 3229 551 3288 verborum
564 3240 642 3288 tanta
655 3227 732 3290 cadit
745 3229 797 3306 vis,
1002 3230 1062 3296 825

81 3311 139 3369 Tot
151 3312 256 3388 pariter
271 3312 374 3388 pelves,
389 3320 430 3369 tot
444 3309 635 3369 tintinnabula
648 3309 727 3369 dicas

81 3390 198 3449 Pulsari.
241 3390 307 3448 Jam
321 3409 406 3449 nemo
418 3391 510 3462 tubas,
526 3407 610 3449 nemo
624 3409 682 3448 aera
695 3389 810 3468 fatiget:

83 3470 144 3529 Una
157 3469 296 3528 laboranti
309 3471 411 3546 poterit
424 3487 590 3528 succurrere
604 3471 687 3527 lunae.

119 3548 244 3625 Imponit
259 3548 472 3624 linem-sapiens
482 3559 512 3607 et
525 3550 610 3606 rebus
624 3547 757 3603 honestis.

82 3627 155 3686 Nam
169 3645 233 3704 qua
247 3627 331 3686 docta
344 3626 429 3683 nimis
442 3628 521 3703 cupit
534 3637 563 3684 et
576 3623 699 3682 facunda
712 3624 810 3698 videri,
1000 3625 1061 3689 830

81 3699 171 3766 Crurs
184 3719 269 3764 tanus
282 3703 377 3761 medio
392 3703 504 3760 tunicas
517 3704 685 3777 succingere
698 3702 792 3778 debet-,-
1044 3702 1048 3710 ’

81 3785 200 3844 Cedere
214 3784 332 3843 Silvano
341 3797 470 3860 porcum,
482 3782 639 3857 quadrante
652 3781 746 3841 lavari.
