2494 4274
493 223 618 272 sarran
636 225 685 272 rx.
1043 233 1083 294 tl

87 361 165 419 Nam
179 381 229 420 res
240 362 386 430 mortifera
400 373 444 420 est
457 363 591 423 iuimicus
605 367 719 442 pumice
733 367 811 427 levis.
1044 371 1085 432 70

86 441 149 502 Qui
163 438 251 498 modd
266 453 409 499 secretum
425 443 616 515 commiserat,
629 446 718 517 ardet,
733 457 761 504 et
774 447 846 519 odit,

86 519 242 594 Tanquam
256 520 438 595 prodiderim,
452 521 589 595 quidquid
603 522 672 580 scio.
715 526 835 584 Sumere
847 524 964 600 ferrum,

86 597 175 654 Fuste
191 597 301 674 aperire
315 610 411 674 caput,
425 599 576 656 candelam
587 620 730 676 apponere
746 601 845 676 valvis,

87 674 155 733 Non
169 676 289 734 dubitat.
331 676 396 733 Nec
410 689 579 735 contemnas
593 690 642 736 aut
655 679 806 754 despicias,
819 679 898 757 qudd

89 754 144 811 His
158 755 261 831 opibus
274 773 420 829 nunquam
434 774 500 814 cara
514 765 557 812 eat
570 775 686 814 annona
704 759 818 816 veneni.
1042 765 1083 824 75

87 830 166 908 Ergd
177 832 293 891 occulta
306 843 396 908 teges,
411 844 443 890 ut
456 833 537 890 ouria
553 832 655 892 Martis
669 837 802 894 Athenis.

86 910 114 967 Ο
129 910 275 985 Corydon,
290 910 436 985 Corydon,
451 923 593 970 secretum
608 913 702 970 divitis
717 914 805 974 ullum

87 989 160 1046 Esse
174 990 278 1066 putasl
306 989 387 1046 Servi
402 1000 433 1046 ut
446 1001 577 1060 taceant;
596 991 725 1066 jumenta
738 992 903 1070 loquuntur,

86 1067 125 1124 Et
139 1064 231 1139 canis,
246 1080 275 1125 et
288 1079 394 1142 postes,
407 1078 437 1124 et
451 1087 598 1126 marmora.
640 1069 751 1128 Claude
766 1071 914 1146 fenestras,

86 1145 160 1202 Vela
175 1158 275 1222 tegant
289 1147 386 1216 rimas,
397 1145 486 1222 junge
499 1147 581 1217 ostia,
595 1147 685 1205 tollito
698 1148 795 1208 lumen

87 1223 113 1280 E
128 1225 225 1282 medio
235 1243 242 1292 ;
252 1223 381 1280 clamant
391 1243 499 1283 omnes.
541 1223 633 1301 Prope
652 1244 738 1284 nemo
751 1227 920 1288 recumbat:

86 1302 176 1364 Quod
191 1313 288 1360 tamen
303 1303 340 1359 ad
353 1313 471 1360 cantum
485 1302 553 1379 galli
568 1303 635 1361 lacit
650 1303 696 1361 ille
711 1306 842 1378 secundi,

86 1381 239 1456 Proximus
252 1381 404 1438 antediem
420 1400 511 1456 caupo
525 1381 596 1438 sciet
607 1401 614 1449 ;
636 1382 733 1440 audiet
746 1393 785 1455 et,
798 1401 862 1458 ques

85 1459 246 1518 Finxerunt
260 1460 363 1536 pariter
375 1459 516 1530 librarius,
531 1459 722 1534 archimagiri,

84 1537 248 1614 Carptores.
289 1537 378 1599 Quod
392 1537 470 1594 enim
484 1537 616 1595 dubitant
629 1556 801 1614 componere
815 1537 925 1598 crimen

84 1615 119 1673 In
134 1617 277 1689 dominos,
287 1616 397 1691 quoties
411 1616 571 1673 rumoribus
586 1616 763 1674 ulciscuntur

83 1693 208 1752 Baltea'l
249 1694 315 1752 Neo
328 1695 429 1766 deerit,
443 1695 491 1770 qui
505 1707 533 1753 te
546 1714 597 1771 per
611 1695 735 1770 compita
748 1706 856 1771 quaerat

83 1772 252 1845 Nolentem,
266 1785 295 1831 et
310 1774 442 1830 miseram
456 1774 571 1831 vinosus
585 1774 706 1831 inebriet
719 1793 826 1832 aurem.

82 1850 152 1910 Illos
166 1848 237 1928 ergd
251 1871 344 1928 roges,
358 1851 495 1926 quidquid
509 1849 594 1928 pauld
609 1849 676 1910 ante
690 1851 807 1927 petebas

82 1929 111 1986 A
126 1930 215 1989 nobis
263 1930 397 1988 Taceant
410 1930 468 1988 illi:
489 1931 540 1986 sed
553 1932 675 2006 prodere
689 1930 799 1988 malunt

82 2008 248 2080 Arcanum,
262 2006 349 2083 quam
363 2009 490 2084 subrepti
505 2019 601 2084 potare
615 2007 741 2081 Falerni,

80 2085 138 2146 Pro
152 2087 260 2164 populo
274 2087 383 2144 iaciens
395 2097 534 2162 quantum
547 2085 677 2144 Laulella
692 2086 814 2145 bibebat.

24 2178 28 2183 ·
81 2166 247 2224 Vivendum
263 2163 341 2224 recte
356 2177 409 2239 est,
423 2163 491 2224 oiim
504 2177 617 2242 propter
630 2165 762 2242 plurima,
776 2177 837 2224 tum
851 2165 896 2226 his

80 2242 234 2321 Praecipue
248 2245 352 2315 causis,
367 2255 399 2304 ut
411 2244 524 2321 linguas
537 2245 742 2320 mancipiorum

80 2323 277 2382 contemnas:
298 2342 366 2380 nam
379 2323 479 2400 lingua
492 2323 559 2379 mali
569 2342 634 2398 pars
647 2323 770 2398 pessima
783 2321 865 2381 servi.

80 2401 217 2461 Deterior
228 2413 325 2460 tamen
339 2401 398 2475 hic,
411 2401 459 2477 qui
473 2400 545 2459 liber
559 2420 616 2457 non
631 2401 685 2458 erit
697 2401 764 2472 illis,

79 2482 219 2543 Quorum
232 2481 342 2538 animas
355 2490 384 2537 st
398 2480 470 2538 t’arre
485 2498 537 2536 suo
550 2479 675 2537 custodit
688 2489 717 2536 et
731 2497 796 2536 aere.

121 2559 240 2618 Idcirco
250 2569 282 2616 ut
292 2559 396 2634 possim
410 2558 539 2635 linguam
553 2567 737 2615 contemnere
750 2555 835 2630 servi,

81 2638 160 2697 Utile
175 2637 327 2696 consilium
341 2634 438 2710 modd,
452 2637 501 2694 sed
517 2655 679 2709 commune,
693 2635 816 2694 dedisti:

80 2718 173 2776 Nunc
186 2716 258 2774 mihi
271 2716 339 2793 quid
353 2717 455 2774 suades
467 2727 532 2792 post
545 2716 681 2774 damnum
695 2714 840 2792 temporis,
854 2725 884 2776 et
898 2733 964 2794 spes
1016 2717 1073 2778 100

80 2796 250 2873 Deceptasl
292 2794 421 2853 Festinat
434 2795 513 2852 enim
527 2797 679 2854 decurrere
694 2795 775 2853 velox

80 2875 246 2946 Flosculus,
261 2885 389 2949 angustae
405 2874 570 2948 miseraque
580 2874 746 2932 brevissima
759 2874 822 2932 vita

80 2954 199 3013 Porti0:
220 2952 289 3010 dum
303 2953 438 3025 bibimus,
453 2953 522 3008 dum
535 2963 621 3024 serta,
635 2961 793 3026 unguenta,
806 2951 916 3026 puellas

81 3032 243 3103 Poscimus,
257 3030 368 3105 obrepit
382 3049 440 3087 non
454 3029 600 3085 intellecta
613 3039 756 3085 senectus.

81 3109 129 3170 Ne
144 3109 276 3185 trepida:
297 3124 444 3180 nunquam
457 3105 589 3181 pathicus
603 3105 655 3160 tibi
670 3103 761 3160 deerit
775 3102 895 3175 amicus,
1016 3104 1073 3163 1⁰5

82 3189 232 3247 stantibus
246 3197 276 3246 et
289 3185 373 3243 salvis
388 3184 432 3241 his
445 3182 584 3252 collibus3
607 3181 733 3256 undique
747 3180 783 3238 ad
798 3179 862 3240 illos

81 3267 274 3339 Conuenient,
288 3275 318 3324 et
331 3262 474 3340 carpentis
487 3272 517 3319 et
530 3261 659 3334 navibus,
672 3279 782 3335 omues,

80 3346 145 3408 Qui
159 3345 250 3421 digito
264 3342 395 3421 scalpunt
409 3362 467 3401 uno
480 3351 575 3417 caput.
617 3341 718 3400 Altera
732 3339 822 3417 maj0r

81 3427 154 3502 Spes
168 3432 313 3498 superest:
333 3434 365 3480 tu
378 3419 489 3480 tantiam
504 3421 597 3478 erucis
611 3420 743 3496 imprime
758 3420 882 3478 dentem.

82 3503 156 3562 Haeo
170 3500 302 3576 exempla
313 3519 383 3575 para
396 3499 544 3559 felicibus:
567 3508 596 3556 at
610 3517 675 3556 mea
688 3497 793 3554 Clotho
1013 3495 1071 3556 110

81 3582 120 3639 Et
130 3580 270 3639 Lachesis
283 3578 420 3653 gaudent,
435 3579 459 3634 si
472 3579 599 3653 pasoitur
612 3575 731 3650 inguine
745 3583 843 3631 venter

80 3662 109 3719 Ο
122 3659 213 3736 parvi,
227 3655 373 3731 nostrique
387 3655 485 3726 Lares,
499 3673 570 3728 quos
583 3654 666 3709 thure
681 3650 802 3725 minuto,

83 3740 143 3798 Aut
154 3738 238 3810 farre,
251 3745 280 3794 et
294 3732 373 3794 tenui
388 3732 466 3790 soleo
479 3749 595 3789 exorare
606 3729 722 3805 corona,
