2494 4274
518 212 644 262 samaa
662 211 697 262 11.

110 355 254 413 Attollens
267 352 382 412 oculos:
404 353 491 412 vitreo
504 353 576 413 bibit
589 355 636 414 ille
650 353 763 430 Priapo,

108 433 334 507 Reticulnmque
348 432 438 490 comis
452 444 580 490 auratum
596 433 760 509 ingentibus
774 432 882 510 implet,

109 512 243 568 Omrulea
256 512 372 568 indutus
387 511 539 582 scutulata,
552 522 601 568 aut
614 512 737 586 galbana
749 530 823 584 rasa,

107 590 147 652 Et
160 603 211 666 per
226 589 244 645 J
247 608 370 647 unonem
385 589 492 646 domini
504 589 617 664 jurante
631 591 769 647 ministro.

107 669 163 726 Ille
177 680 256 725 tenet
271 667 427 743 speculum,
442 667 549 743 pathici
563 677 708 743 gestamen
727 667 862 741 Othonis,

108 748 227 805 Actoris
243 745 374 802 Aurunci
389 746 519 820 spolium,
533 765 589 820 quo
602 766 633 804 se
648 746 695 802 ille
709 747 823 804 videbat

109 829 274 896 Armatam,
288 843 375 898 quum
388 824 446 900 jam
461 825 520 896 tolli
535 825 636 883 vexilla
647 825 767 899 juberet.

108 905 173 962 Res
187 903 370 960 memoranda
383 903 462 960 novis
476 903 635 974 annalibus,
650 913 732 977 atque
746 903 854 962 recenti

110 982 251 1052 Historia,
266 981 414 1056 speculum
428 981 519 1038 civilis
533 981 646 1038 sarcina
659 981 734 1038 belli.

109 1061 258 1117 Nimirum
272 1060 375 1116 summi
390 1059 471 1116 ducis
485 1071 528 1116 est
541 1060 673 1117 occidere
687 1059 819 1132 Galbam,

109 1139 147 1196 Et
155 1155 257 1194 curare
267 1148 376 1206 outem;
386 1139 489 1195 summi
503 1138 665 1196 constantia
678 1139 748 1196 civis

109 1215 243 1274 Bebriaci
271 1235 374 1291 campo
402 1215 525 1291 spolium
551 1216 684 1274 affectare
699 1216 801 1289 Palati,

109 1295 148 1352 Et
162 1312 292 1369 pressum
304 1293 332 1350 in
348 1293 449 1351 faciem
463 1295 559 1370 digitis
573 1296 726 1354 extendere
739 1315 862 1372 panem:

108 1373 198 1436 Quod
213 1391 268 1429 nec
282 1372 311 1428 in
325 1372 444 1446 Assyrio
457 1375 619 1448 pharetrata
634 1374 800 1432 Semiramis
813 1375 893 1448 orba,

110 1451 216 1508 Moesta
230 1469 284 1508 nec
298 1451 422 1508 Actiaca
437 1451 504 1507 iecit
515 1451 666 1526 Cleopatra
679 1453 785 1508 carina.

110 1530 172 1587 Hic
185 1530 278 1586 nullus
293 1529 386 1586 verbis
399 1530 499 1604 pudor,
515 1540 563 1587 aut
577 1529 734 1586 reverentia
747 1547 865 1588 mense.

110 1607 171 1666 Hic
185 1608 275 1684 turpis
288 1607 412 1682 Cybeles
426 1618 455 1664 et
469 1608 559 1666 fracti
574 1627 642 1666 voce
656 1608 789 1682 loquendi

109 1687 250 1758 Libertas,
264 1697 294 1744 et
307 1686 387 1744 crine
401 1705 489 1744 senex
503 1687 642 1746 fanaticus
657 1687 722 1744 albo

110 1767 265 1827 Sacrorum
280 1764 408 1837 antistes,
422 1784 517 1822 rarum
531 1785 565 1822 ac
580 1766 762 1824 memorabile
776 1767 874 1842 magni

109 1845 240 1902 Guttnris
255 1844 428 1918 exemplum,
443 1845 704 1919 conducendusque
717 1845 859 1921 magister.

109 1923 193 1985 Quid
207 1934 302 1980 tamen
316 1933 492 1997 exspectant,
507 1923 630 1998 Phrygio
640 1942 710 1998 quos
723 1934 835 1998 tempus
848 1935 909 1984 orat
920 1923 980 2000 jam

109 2000 193 2058 More
207 2020 411 2077 supervacuam
425 2000 522 2058 cultris
536 2003 703 2077 abrumpere
717 2021 834 2059 carnem
845 2003 900 2062 l..
925 1999 987 2072 d*

149 2080 370 2155 Quadringenta
384 2081 463 2138 dedit
477 2080 625 2138 Gracchus
639 2081 777 2154 sestertia,
792 2081 887 2140 dotem
909 2129 912 2136 .

109 2158 278 2227 Cornicini;
301 2160 361 2216 sive
375 2159 423 2215 hio
438 2170 516 2216 recto
530 2171 692 2218 cantaverat
705 2179 768 2218 aere.

110 2239 237 2313 Signatae
248 2237 368 2294 tabulae:
389 2238 496 2294 dictum
511 2237 664 2296 Felicitati
685 2241 787 2315 ingens

109 2317 202 2374 Coena
216 2317 296 2372 sedet
309 2335 316 2372 :
337 2317 446 2392 gremio
457 2317 548 2392 jacuit
561 2337 633 2376 nova
645 2329 733 2394 nupta
746 2317 849 2376 mariti.

109 2395 138 2452 Ο
152 2413 293 2469 procerae,
308 2413 426 2452 censore
440 2414 511 2470 opus
524 2406 568 2451 est
581 2415 618 2452 au
633 2397 783 2472 haruspice
797 2398 902 2455 nobisl

111 2474 230 2531 Scilicet
245 2475 383 2545 horreres,
398 2474 559 2548 majoraque
573 2485 699 2530 monstra
711 2486 835 2548 putares,

111 2554 145 2609 Si
160 2553 260 2610 mulier
275 2552 393 2609 vitulum
419 2553 462 2608 vel
478 2551 501 2608 si
518 2553 567 2608 bos
581 2552 679 2609 ederet
692 2553 822 2627 agnuml

111 2633 278 2708 Segmenta,
293 2641 322 2688 et
334 2631 434 2706 longos
448 2631 570 2702 habitus,
585 2643 614 2688 et
628 2630 759 2690 flammea
772 2631 868 2707 sumit,

111 2711 230 2767 Arcano
244 2710 292 2785 qui
306 2727 388 2766 sacra
401 2710 494 2778 ferens
508 2711 638 2767 nutantia
651 2711 718 2768 loro·

113 2789 233 2848 Sudavit
247 2787 354 2863 clypeis
368 2788 515 2846 ancilibus.
557 2789 585 2846 Ο
599 2801 679 2866 pater
694 2789 790 2862 Urbis,

110 2867 198 2938 Unde
212 2867 292 2924 nefas
306 2877 415 2924 tantum
431 2867 521 2924 Latiis
534 2869 713 2943 pastoribus?
735 2870 811 2927 unde
899 2861 904 2874 ⁰

112 2946 185 3003 Haeo
199 2945 301 3022 tetigit,
314 2945 447 3017 Gradive,
462 2957 525 3004 tuos
538 2947 629 3004 urtica
642 2957 759 3023 nepotes
773 2949 785 3004 l

111 3007 250 3083 'traditur
264 3043 334 3081 ecce
348 3024 406 3082 viro
418 3026 511 3082 clarus
525 3045 631 3100 genere
646 3037 729 3099 atque
743 3023 845 3098 opibus
859 3027 920 3084 tir:

111 3103 178 3161 Nec
192 3103 301 3179 galeam
314 3121 441 3177 quassos,
455 3121 510 3158 nec
523 3113 626 3158 terram
640 3103 758 3175 cuspide
771 3101 877 3174 pulsas,

112 3179 179 3238 Nec
193 3182 317 3256 quereris
330 3181 425 3256 patrii
466 3179 549 3237 Vade
563 3177 644 3256 ergb,
657 3189 687 3236 et
700 3179 771 3236 cede
786 3179 877 3238 severi

112 3261 269 3336 Iugeribus
279 3259 383 3336 campi,
398 3277 482 3333 quem
496 3258 636 3335 negligis!
678 3257 814 3316 Officium
828 3277 892 3320 cras

113 3338 210 3396 Primo
224 3339 283 3396 sole
298 3338 367 3395 mihi
382 3339 577 3414 peragendum
592 3340 622 3397 in
636 3339 708 3396 valle
721 3339 848 3400 Quirini.

112 3417 190 3480 Qua
204 3435 291 3474 causa
305 3417 412 3475 officiii
452 3417 534 3480 Quid
547 3419 670 3492 queris?
710 3418 803 3476 Nubit
816 3419 935 3492 amictu,

114 3495 180 3554 Nec
195 3496 298 3553 multos
312 3496 435 3553 adhibet.
476 3495 577 3554 Liceat
592 3494 678 3556 modd
693 3497 803 3567 vivere3
824 3498 902 3569 fient,

113 3574 200 3633 Fient
214 3575 268 3632 ista
281 3571 387 3649 palam,
402 3575 518 3649 cupient
531 3587 560 3633 et
573 3576 602 3634 in
617 3585 681 3632 acta
695 3575 800 3630 referri.

115 3654 231 3712 Interea
243 3661 417 3712 tormentum
431 3653 533 3728 ingens
546 3651 720 3710 nubentibus
734 3652 831 3725 haret,

113 3731 206 3795 Quod
221 3739 369 3808 nequeunt
380 3747 490 3806 parere,
503 3741 532 3790 et
545 3741 627 3813 partu
635 3729 764 3804 ,reficere
777 3732 901 3794 maritos.
