2494 4274
138 243 176 302 ω
448 238 481 287 n.
498 237 595 288 suun
612 237 808 288 ruvuuams

136 381 309 460 AEquamm
324 377 394 440 sane
408 381 523 459 paribus
536 381 664 439 sestertia
678 381 767 454 libris,

135 461 174 519 Ut
187 461 344 536 perhibent,
358 462 406 536 qui
420 463 456 518 de
470 461 581 536 magnis
594 461 701 536 majora
714 461 874 536 loquuntur.

136 538 294 597 Consilium
308 539 393 596 laudo
407 539 538 632 artificis,
547 540 570 613 si
584 559 702 596 munere
716 551 795 596 tauto

136 618 313 694 Praecipuam
328 618 356 674 in
371 619 474 676 tabulis
488 603 582 674 cllidis
597 619 673 674 senis
688 618 803 676 abstulit
815 618 885 676 orbi.

136 697 188 754 Est
202 699 272 755 ratic
286 697 410 769 ulterior,
424 715 535 772 magnae
550 697 573 752 si
588 695 664 753 misit
677 697 787 767 amicae,
874 707 882 734 a
913 762 917 772 Ι

135 775 211 837 Quae
226 776 336 833 vehitur
350 776 447 835 clauso
460 776 524 832 latis
538 775 730 850 specularibus
745 787 833 832 antro.
866 780 884 815 .·,
898 767 901 780 '
915 775 957 830 'rr

136 854 186 910 Nil
200 853 256 911 tale
270 865 434 929 exspectes:
455 854 524 911 emit
537 853 600 910 sibi.
642 852 734 910 Multa
748 846 886 924 videmus,

135 933 212 993 Quae
227 934 311 988 miser
322 942 351 988 et
365 931 438 1008 srug'i
452 952 509 989 nou
525 932 592 989 lecit
607 932 734 1006 Apicius.
776 932 842 989 Hoc
855 943 886 990 tu

137 1012 310 1068 Succinctus
323 1012 414 1085 patrib
428 1011 579 1085 quondam,
594 1010 735 1086 Crispine,
748 1013 873 1086 papyrol

137 1089 203 1146 Iloc
216 1089 305 1164 pretio
321 1091 463 1164 squamael
484 1089 575 1164 potuit
588 1089 704 1146 fortasse
718 1090 835 1146 minoris

137 1169 272 1240 Piscator,
287 1166 372 1242 qudm
385 1168 480 1244 piscis,
495 1168 559 1224 emi.
601 1167 751 1225 Provincia
764 1169 835 1226 tanti

137 1247 244 1304 Vendit
258 1266 356 1322 agros;
378 1249 428 1304 sed
442 1246 562 1323 majores
575 1247 701 1322 Appulia
714 1247 819 1305 vendit.

137 1326 247 1385 Quales
261 1337 330 1382 tunc
343 1326 442 1401 epulas
456 1326 548 1401 ipsum
562 1323 679 1401 glutisse
693 1337 825 1401 putemus
849 1332 855 1344 “

138 1403 388 1480 Endoperatorem,
402 1423 501 1480 quum·
512 1414 553 1463 tot
575 1405 712 1476 sestertia,
727 1416 834 1480 partem

137 1482 287 1559 Exiguam,
303 1493 331 1540 et
345 1485 465 1541 modicae
479 1494 618 1558 sumptam
633 1485 669 1541 de
684 1483 812 1558 margine
826 1503 926 1556 cmnre,

138 1561 300 1636 Purpureus
314 1563 409 1637 magni
424 1562 542 1620 ructdrit
555 1579 652 1619 scurra
666 1561 767 1633 Palati,

138 1640 155 1695 J
158 1659 202 1696 am
217 1640 349 1715 princeps
362 1642 498 1714 equitum,
512 1640 617 1713 magnit
629 1639 677 1714 qui
692 1657 760 1698 voce
774 1640 882 1697 solebat

138 1719 270 1775 Vendere
285 1719 444 1793 municipes
456 1717 540 1775 frictb
555 1718 591 1773 dc
606 1732 702 1773 merce
717 1715 841 1772 silurcsl

138 1796 248 1870 Incipe,
263 1797 402 1871 Calliope,
416 1797 483 1853 licet
496 1807 525 1853 et
539 1795 704 1852 considere:
726 1814 783 1854 non
797 1807 841 1854 est

138 1875 331 1946 cantandum,
346 1893 391 1932 res
405 1892 470 1932 vera
483 1875 585 1950 agitur.
627 1873 758 1946 Narrate,
774 1895 829 1951 pue
840 1876 874 1934 lus

138 1954 264 2011 Pierides
278 1973 283 2009 ·.
305 1953 392 2029 prosit
405 1954 475 2012 mihi
490 1973 538 2012 vos
552 1955 656 2011 dixisse
670 1955 797 2029 puellas!

175 2033 277 2093 Quum
288 2031 347 2107 jam
361 2033 560 2090 semianimum
573 2033 710 2091 laceraret
724 2034 840 2092 Flavius
854 2035 952 2093 orbem

139 2111 268 2182 Ultimus,
283 2123 311 2168 et
325 2112 404 2169 calvo
417 2113 533 2169 serviret
546 2112 641 2169 Roma
654 2111 684 2168 N
686 2113 781 2182 eroni;

138 2189 245 2246 Incidit
260 2191 377 2248 Adriaci
393 2192 514 2265 spatium
529 2191 695 2248 admirabile
709 2193 820 2250 rhombi

132 2270 215 2326 ‘Ante
229 2269 344 2326 domurn
359 2269 490 2341 VeneriS,
502 2288 586 2344 quarn
600 2268 706 2326 Dorica
719 2271 839 2328 sustinet
852 2271 967 2342 Ancon,

138 2347 323 2423 Implevitque
336 2348 434 2405 sinus:
456 2367 548 2423 neque
562 2349 639 2404 enim
653 2349 745 2406 minor
760 2351 879 2407 baeserat
893 2349 957 2421 illis,

137 2427 220 2488 Quos
233 2427 323 2503 operit
336 2428 442 2503 glacies
457 2426 601 2499 Maeotica,
616 2440 753 2503 ruptaque
768 2431 883 2487 tandem
916 2431 919 2438 ’

139 2506 252 2563 Solibus
266 2506 386 2564 effundit
399 2507 535 2583 torpentis
547 2508 581 2563 ad
597 2507 668 2564 ostia
682 2507 766 2565 Ponti

138 2584 257 2642 Desidia
270 2587 373 2656 tardos,
388 2598 417 2644 et
430 2586 516 2660 longo
530 2587 632 2660 frigore
646 2587 776 2660 pingues.

138 2663 268 2720 Destinat
282 2664 336 2719 boc
349 2674 506 2720 monstrum
520 2665 629 2737 cymbae
644 2663 751 2737 linique
765 2663 899 2738 magister

138 2741 269 2798 Pontilici
282 2759 402 2797 summu.
442 2740 520 2800 Quis
534 2742 610 2798 enim
624 2760 780 2816 proponere
794 2741 879 2798 talem

52 2878 56 2890 ,
138 2820 199 2876 Aut
212 2837 305 2875 emere
320 2820 446 2889 auderet,
461 2837 547 2894 quum
558 2820 644 2894 plena
658 2830 686 2876 et
699 2819 792 2876 littora
805 2819 894 2876 multo

138 2897 270 2954 Delatore
284 2897 395 2955 forentl
436 2896 564 2972 Dispersi
577 2909 712 2973 protenus
726 2899 796 2974 algae
882 2955 886 2970 ,
985 2949 992 2975 Δ,

138 2976 323 3050 Inquisitores
337 2987 458 3054 agerent
468 2995 534 3033 cum
548 2978 655 3053 remige
669 2978 756 3051 nudo,
833 3016 852 3032 ,ι
866 2983 887 3030 r„
952 3009 964 3026 ν
976 2975 996 3037 l:

137 3055 205 3114 Non
220 3055 375 3115 dubitaturi
389 3055 537 3133 fugitivum
553 3058 648 3114 dicere
662 3051 790 3133 piscem,

138 3135 349 3211 Depastumque
363 3134 413 3194 dib
427 3136 531 3194 vivaria
545 3137 677 3208 Caesaris,
693 3137 759 3194 inde

138 3213 273 3288 Elapsum
287 3227 410 3273 veterem
425 3216 459 3272 ad
475 3216 622 3272 dominum
636 3216 740 3272 debere
753 3213 863 3272 reverti.
877 3237 909 3262 a
926 3185 944 3261 d
959 3173 980 3256 ὃ

139 3293 171 3348 Si
186 3291 252 3364 quid
267 3291 401 3361 Palfuri0,
413 3292 437 3346 si
452 3292 595 3348 credimus
609 3292 770 3361 Armillato,

138 3368 288 3442 Quidquid
302 3370 499 3443 conspicuum,
513 3369 719 3443 pulchrumque
734 3379 777 3425 est
792 3385 902 3441 aequore
916 3375 985 3442 totu,

139 3449 201 3506 Res
214 3447 275 3503 fisci
289 3458 341 3518 est,
356 3447 518 3520 ubicunque
532 3458 618 3504 natat.
660 3446 819 3505 Donabitur
832 3443 915 3524 ergb,

139 3526 187 3584 Ne
200 3537 304 3601 pereat.
345 3525 363 3582 J
366 3544 412 3582 arn
425 3526 534 3584 letifero
548 3527 668 3584 cedente
683 3525 791 3601 pruinis

139 3607 296 3677 Autumno,
309 3605 367 3681 jam
381 3617 546 3680 quartanam
560 3605 738 3681 sperantibus
752 3604 843 3682 aegris,

141 3683 284 3740 Stridebat
298 3685 433 3741 deformis
447 3684 547 3757 hiems,
561 3686 741 3760 praedamque
754 3695 899 3743 recentem

141 3761 294 3820 Servabat:
316 3772 412 3820 tamen
426 3763 473 3819 bic
486 3773 626 3839 properat,
641 3764 716 3822 velut
729 3774 850 3840 urgueat
863 3764 976 3823 Auster.
