2494 4274
74 287 76 292 .
147 235 174 300 ι
465 233 825 286 annuntiaremus

152 378 292 453 Nunquid
305 399 358 438 nos
371 378 481 455 agimus
495 379 615 436 causasl
635 378 729 436 civilia
740 379 804 454 jura

151 449 314 515 Novimusl
335 469 384 515 aut
398 457 456 516 ullo
469 457 586 532 strepitu
601 457 660 514 fora
670 468 762 514 vestra
776 458 940 514 moremual

151 534 312 593 Luctantur
326 549 445 611 paucae3
466 535 621 591 comedunt
635 535 758 612 coliphia
770 553 879 610 pauore.

149 609 212 670 'Vos
225 614 320 671 lanam
334 613 453 684 trahitis,
468 614 643 687 calathisque
656 625 771 688 peracta
784 611 894 670 refertis

150 691 286 748 Vellera:
308 711 356 749 vos
371 692 450 749 tenui
466 702 658 767 pregnantem
673 692 793 748 stamine
808 692 902 748 fusum

151 769 295 844 Penelope
309 767 422 841 melitis,
436 767 526 826 levius
541 769 676 843 torquetis
689 771 836 836 Arachne,

151 845 278 905 Horrida
291 848 373 922 quale
387 848 454 904 facit
466 849 593 904 residens
607 847 636 902 in
650 847 749 904 codice
762 846 862 922 pellex.

190 924 300 982 Notum
315 936 367 995 est,
381 944 432 981 cur
446 924 505 982 solo
518 925 627 982 tabulas
641 925 796 1000 impleverit
810 925 908 984 Hister

150 1000 284 1080 Iriberto3
306 1004 416 1060 dederit
428 1003 508 1059 rivus
519 1021 569 1060 cur
584 1003 673 1060 multa
685 1004 794 1080 puellae.

151 1079 241 1138 Dives
255 1083 318 1155 erit,
333 1101 436 1157 magno
449 1100 512 1155 quae
526 1081 630 1140 dormit
644 1083 726 1138 tertia
740 1082 822 1140 lecto.

151 1159 201 1216 Tu
215 1161 301 1232 nube,
316 1170 398 1234 atque
413 1172 493 1217 tace:
515 1161 621 1218 donant
635 1179 738 1218 aroana
752 1161 901 1235 cylindros.

151 1235 198 1296 De
212 1239 293 1296 nobis
306 1250 369 1314 post
383 1241 444 1295 haec
458 1239 545 1296 tristis
559 1240 700 1297 sententia
714 1241 817 1296 fertur:

150 1315 211 1374 Dat
224 1318 334 1374 veniam
349 1317 449 1388 corvis,
465 1329 547 1375 vexat
559 1335 680 1376 censura
694 1319 887 1376 columbas.-
915 1273 966 1402 4

178 1394 342 1472 ·Fugerunt
355 1397 457 1470 trepidi
471 1413 537 1453 vera
550 1416 584 1454 ac
598 1397 749 1454 manifesta
762 1405 913 1454 canentem

152 1475 298 1532 Stoicidae.
338 1475 419 1537 Quid
433 1476 510 1532 enim
526 1473 764 1532 falsiLauronial
787 1475 845 1534 Sed
859 1474 927 1550 quid

150 1551 219 1611 Non
234 1555 339 1618 facient
353 1555 410 1624 alii,
421 1572 508 1628 quum
522 1565 553 1610 tu
567 1555 695 1610 multicia
709 1571 814 1624 sumas,

151 1631 275 1702 Cretica,
290 1642 320 1687 et
334 1632 407 1687 hano
422 1642 525 1686 vestem
540 1631 643 1706 populo
656 1631 776 1688 mirante
789 1648 903 1704 perores

152 1707 188 1766 ln
202 1709 346 1778 Proculas,
360 1719 389 1765 et
403 1708 537 1765 Pollitas'l
578 1707 630 1765 Est
643 1710 754 1766 moecha
771 1706 905 1766 Inbulla:

153 1786 319 1857 Damastor,
334 1787 357 1843 si
371 1787 422 1857 vis,
436 1785 521 1843 etiam
536 1786 677 1844 Carfinia:
697 1789 781 1844 talem

152 1864 220 1924 Non
234 1875 327 1922 sumet
340 1865 473 1922 damnata
486 1876 589 1940 togam.
632 1866 690 1922 Sed
704 1865 798 1922 Julius
812 1866 907 1935 ardet,

152 1943 263 2001 AEstuo.
304 1942 407 2000 Nudus
421 1943 503 2018 agas!
525 1942 625 2002 Minirs
639 1956 681 2001 est
695 1945 804 2002 insania
818 1946 915 2021 turpis.
995 1979 998 1984 -

153 2021 199 2078 En
214 2021 352 2093 habitum,
367 2041 423 2096 quo
436 2033 464 2078 te
477 2022 556 2098 leges
570 2041 603 2079 ac
615 2023 679 2098 jura
693 2024 829 2082 serentem
935 2033 944 2064 t

152 2101 327 2158 Vulneribus
338 2102 433 2158 crudis
446 2102 566 2175 populus
580 2099 664 2158 modd
679 2103 777 2173 victor,
791 2115 820 2161 et
833 2102 902 2160 illud

152 2175 322 2236 Montanum
332 2179 429 2254 positis
444 2180 553 2236 audiret
566 2180 666 2255 vulgus
677 2182 787 2237 aratris,

151 2255 231 2318 Quid
272 2276 329 2314 non
343 2257 509 2332 proclames,
523 2258 553 2314 in
568 2277 683 2334 corpore
695 2259 800 2334 judicis
813 2259 867 2316 ista

153 2334 185 2391 si
199 2335 316 2392 videasl
353 2335 471 2406 Quaero,
486 2354 521 2392 an
536 2337 657 2394 deceant
669 2339 797 2396 multicia
810 2338 931 2396 testeml

146 2412 241 2486 'Acer,
255 2425 284 2471 et
297 2414 460 2486 indomitus,
474 2413 665 2490 libertatisque
679 2418 823 2492 magister,

152 2491 276 2565 Cretica,
290 2493 427 2568 perluces.
469 2489 557 2550 Dedit
571 2495 645 2552 hanc
659 2497 791 2571 contagio
804 2496 907 2568 labem,

153 2569 191 2628 Et
204 2572 282 2628 dabit
297 2573 326 2629 in
334 2571 451 2646 ·plures;
474 2571 548 2629 sicut
561 2591 631 2646 grex
644 2585 719 2630 totus
733 2575 763 2630 in
777 2575 852 2649 agris

152 2647 244 2705 Unius
259 2650 353 2704 scabie
368 2649 445 2703 cadit
458 2658 487 2703 et
499 2649 641 2722 porrigine
655 2651 743 2722 porci,

152 2725 269 2800 Unaque
283 2725 436 2799 conspectis
450 2724 565 2780 livorem
580 2725 659 2782 ducit
673 2727 708 2782 ab
722 2728 785 2783 uva.

166 2808 174 2823 “
193 2802 310 2860 Foedius
325 2803 378 2859 hoc
394 2801 499 2875 aliquid
513 2803 680 2876 quandoque
694 2805 812 2860 audebis
826 2806 939 2863 amictu.

152 2880 183 2938 N
185 2878 379 2956 emo'repontd
392 2880 444 2937 fuit
458 2879 642 2954 turpissimus
684 2880 837 2956 Accipient
850 2895 879 2938 te

152 2959 304 3032 Paulatim,
318 2960 366 3034 qui
378 2961 465 3034 longa
477 2958 554 3016 dorni
568 2958 734 3015 redimicula
747 2970 863 3016 sumunt

152 3037 316 3112 Frontibus,
330 3049 360 3096 et
372 3048 430 3095 toto
443 3035 563 3113 posuere
578 3037 693 3094 monilia
712 3037 794 3110 collo,

152 3115 248 3192 Atque
262 3117 370 3175 Bonam
384 3129 489 3174 tenera
502 3116 616 3191 placant
627 3117 777 3174 abdomine
790 3133 894 3192 porcae,

151 3194 190 3252 Et
205 3198 308 3270 magno
322 3207 440 3265 cratere,
454 3195 554 3252 Deam.
584 3197 641 3252 Sed
656 3215 732 3254 more
746 3194 859 3254 sinistro

152 3272 303 3346 Exagitata
315 3273 414 3346 procul
428 3291 485 3327 non
500 3273 586 3328 intrat
600 3273 715 3328 foemina
728 3274 824 3328 limen.

154 3349 228 3406 Solis
243 3351 291 3406 a'ra
304 3349 374 3405 Dcae
389 3348 513 3403 maribus
527 3359 611 3423 patet.
653 3347 697 3404 Ite
711 3349 852 3423 profanael

155 3426 321 3483 clamatur:
342 3427 420 3482 nullo
433 3426 521 3499 gemit
535 3424 583 3482 hic
596 3426 715 3482 tibicina
729 3445 826 3485 cornu.

154 3504 241 3562 Talia
254 3504 364 3561 secreta
379 3504 528 3560 coluerunt
541 3503 632 3579 Orgia
645 3506 720 3562 taeda
775 3515 777 3520 '

155 3581 323 3660 Cecropiam
338 3582 411 3640 soliti
422 3582 521 3657 'Baptae
535 3583 641 3640 lassare
655 3581 777 3658 Cotytto.

156 3657 210 3717 Ille
223 3660 404 3737 supercilium
417 3661 532 3718 madida
547 3661 664 3739 ibligine
677 3674 785 3720 tactum
813 3682 816 3687 ‘

155 3737 283 3816 Obliquat
295 3739 427 3817 producit
438 3757 503 3814 acu,
517 3741 663 3818 pingitque
676 3750 829 3807 trementes
