2494 4274
163 279 204 339 a
480 274 512 322 u.
530 273 626 322 rursu
643 271 839 322 JUVENALIS

164 418 260 476 Servis
275 437 362 496 regna
375 417 493 488 dabunt,
508 416 626 490 captivis
639 413 712 473 Fata
725 413 890 489 triumphos.

163 495 247 555 Felix
261 497 309 555 ille
322 508 418 554 tamen
433 513 517 554 corvo
529 513 639 569 quoque
653 493 740 550 rarior
754 493 827 550 albo.

164 575 300 633 Poenituit
313 575 416 632 multos
431 592 509 631 ranae
523 573 680 646 sterilisque
695 571 848 643 cathedrae,

164 653 248 711 Sicut
262 653 471 728 Thrasymachi
486 651 585 726 probat
598 651 700 722 exitus,
714 661 797 724 atque
813 649 939 706 Secundi

164 731 337 789 Carrinatie:
358 742 387 788 et
401 731 479 788 hunc
492 731 605 805 inopem
620 729 738 800 vidistis,
753 729 886 799 Athene,
1092 729 1158 787 206

163 810 216 868 Nil
228 820 330 886 praeter
344 809 452 885 gelidas
466 826 541 866 ause
555 807 684 866 conferre
698 807 815 864 cicutas.

164 887 214 960 Di,
229 887 366 963 majorum
378 886 488 944 umbris
502 897 619 944 tenuem
634 896 664 942 et
679 885 740 943 sine
754 885 881 961 pondere
895 895 1010 958 terrant,

165 966 366 1041 spirantesque
380 983 488 1035 crocos,
502 975 532 1021 et
546 965 575 1020 in
589 965 662 1022 urnd
675 975 843 1040 perpetuum
858 981 915 1035 rer,

163 1041 226 1104 Qui
239 1054 442 1120 praeceptorem
455 1043 547 1100 sancti
560 1042 675 1101 voluere
689 1043 814 1118 parentis

164 1121 236 1180 Esse
249 1122 321 1180 loco.
363 1119 497 1178 Metuens
511 1123 595 1198 virge
607 1121 665 1197 jam
679 1121 795 1198 grandis
808 1119 939 1180 Achillea
1090 1120 1156 1179 210

165 1199 306 1258 cantabat
319 1199 417 1274 patriis
431 1200 460 1254 iu
475 1199 634 1258 montibus:
656 1211 685 1258 et
697 1201 745 1258 cui
759 1218 817 1257 nou
830 1212 900 1259 tuuc

165 1277 292 1336 Eliceret
305 1279 394 1336 risum
408 1277 556 1335 citharoedi
570 1281 661 1336 cauda
674 1279 821 1354 magistril

166 1357 223 1413 Sed
239 1356 349 1414 Rufum
364 1367 447 1430 atque
461 1355 531 1412 alios
544 1357 629 1412 credit
643 1375 694 1412 sua
707 1375 826 1432 queque
838 1357 990 1434 juventus:

165 1433 289 1509 Rufum,
303 1436 350 1511 qui
364 1435 446 1493 toties
461 1433 631 1491 Ciceronem
645 1434 799 1510 Allobroga
813 1436 891 1494 dixit.

203 1513 280 1575 Quis
294 1515 402 1591 gremio
415 1513 555 1571 Enceladi
570 1513 701 1586 doctique
715 1512 883 1572 Palaemonis
897 1513 979 1572 affert
1089 1513 1155 1572 215

163 1591 316 1654 Quantum
330 1593 532 1669 grammaticus
546 1593 648 1647 meruit
662 1591 759 1647 laborl
779 1602 808 1647 et
821 1603 916 1650 tamen
929 1611 966 1650 ex
980 1593 1046 1663 hoo,

163 1670 366 1744 Quodcunque
380 1681 432 1741 est,
448 1669 557 1746 (minue
570 1679 613 1724 est
627 1678 732 1738 autem,
745 1666 830 1742 qudm
844 1671 964 1730 rhetoris
977 1671 1046 1747 tera)

165 1747 305 1825 Discipuli
316 1757 411 1805 custos
424 1748 592 1824 praemordet
606 1747 832 1818 Acoenonoetus,

165 1824 214 1898 Et,
227 1827 275 1901 qui
289 1827 449 1901 dispensat,
458 1827 569 1902 franget
582 1825 645 1881 sibi.
686 1825 776 1896 Cede,
791 1825 946 1897 Palaemon,

165 1904 203 1962 Et
215 1916 311 1980 patere
325 1905 392 1963 iude
407 1905 511 1979 aliquid
525 1904 702 1975 decrescere,
717 1923 774 1962 non
788 1905 878 1978 aliter,
892 1903 978 1980 qudnr
1089 1907 1154 1967 220

165 1982 280 2042 Institor
294 1984 419 2042 hibernae
433 1984 534 2059 tegetis
548 1984 679 2058 niveique
693 1983 820 2053 cadurci,

164 2061 327 2121 Dummodo
340 2083 397 2121 non
411 2074 516 2138 pereat,
532 2063 633 2120 mediae
646 2059 722 2137 qudd
737 2062 828 2120 noctis
842 2062 878 2119 ab
892 2063 961 2120 hard

165 2140 280 2212 sedisti,
294 2141 350 2216 qud
363 2159 448 2199 nemo
462 2141 549 2212 faber,
563 2142 619 2215 qui
634 2161 718 2199 nemo
731 2142 851 2212 sederet,

162 2215 225 2278 Qui
236 2219 319 2276 dccet
331 2219 445 2294 obliquo
458 2216 553 2276 lanam
567 2220 709 2277 deducere
724 2220 811 2288 serro;

163 2295 327 2355 Dummodo
340 2317 398 2354 non
410 2309 508 2372 pereat
521 2299 639 2355 totidem
652 2298 782 2356 olfecisse
795 2298 936 2370 lucernas,

162 2374 244 2437 Quot
257 2376 369 2433 stabant
382 2377 472 2451 pueri,
485 2394 572 2450 quum
587 2388 663 2435 totus
677 2377 790 2435 decolor
804 2387 879 2436 esset

163 2451 295 2526 Flaccus,
310 2466 339 2511 et
352 2455 470 2512 haereret
484 2455 565 2530 nigro
580 2457 667 2533 fuligo
681 2455 801 2514 Maroni.

163 2531 244 2590 Rara
256 2543 351 2591 tamen
367 2550 486 2604 merceS,
501 2553 563 2610 qua·
578 2537 740 2612 cognitione
753 2535 859 2593 tribuni

162 2609 231 2670 Non
246 2623 337 2687 egeat.
379 2613 437 2668 Sed
451 2631 500 2669 vos
513 2631 601 2671 seras
614 2615 750 2689 imponite
764 2614 851 2690 leges,

162 2689 202 2747 Ut
214 2689 380 2765 preceptori
394 2690 542 2746 verborum
557 2693 655 2766 regula
668 2702 788 2764 constet,

162 2767 202 2824 Ut
214 2768 291 2842 legat
305 2768 443 2838 historias,
457 2778 588 2824 auctores
601 2770 710 2828 noverit
722 2790 831 2842 ornnes,

162 2845 314 2920 Tanquam
329 2864 440 2920 ungues
453 2845 611 2920 digitosque
626 2867 707 2917 suos3
730 2861 760 2906 ut
775 2847 845 2907 sorte
864 2864 989 2928 rogatus,

162 2923 239 2981 Dum
254 2924 324 3000 petit
338 2935 386 2982 aut
399 2925 523 2982 thermas
537 2936 585 2982 aut
595 2925 694 2998 Phoebi
709 2928 820 3002 balnea,
834 2930 911 2988 dicat

161 3001 312 3062 Nutricem
327 3003 474 3078 Anchisae,
488 3023 592 3062 nornen
607 3007 781 3083 patriamque
795 3027 924 3067 novercae

161 3083 335 3153 Anchemoli
347 3104 354 3155 ;
376 3084 462 3157 dicat,
475 3095 543 3158 quot
556 3084 677 3142 Acestes
691 3086 790 3145 vixerit
804 3107 903 3156 annos,

159 3163 242 3226 Quot
256 3163 371 3222 Siculus
385 3163 544 3240 Phrygibus
557 3163 616 3221 vini
629 3166 775 3222 donaverit
788 3185 881 3224 urnas.

161 3241 286 3315 Exigite,
301 3253 333 3299 ut
346 3259 439 3299 mores
453 3253 564 3298 teneros
578 3260 632 3298 ceu
645 3243 748 3314 pollice
762 3245 857 3314 ducat,

161 3317 201 3375 Ut
214 3318 238 3373 si
251 3320 314 3391 quis
328 3319 396 3374 ceri
409 3317 516 3372 vultum
531 3317 616 3372 facit:
638 3318 754 3390 exigite,
768 3331 799 3376 ut
813 3321 849 3376 sit

86 3443 90 3450 .
161 3391 201 3454 Et
213 3405 292 3472 pater
306 3395 394 3470 ipsius
405 3392 506 3464 coetirs,
522 3410 558 3448 ne
573 3393 666 3466 turpia
679 3394 830 3453 ludant-

162 3473 246 3547 Haec,
261 3473 362 3549 inquit,
377 3489 475 3540 cures3
495 3481 534 3542 et,
547 3488 634 3544 quum
649 3490 679 3529 se
694 3474 806 3532 verterit
819 3494 921 3550 annus,

162 3554 284 3630 Accipe,
300 3549 398 3610 victori
411 3549 532 3627 populus
545 3549 620 3625 quod
633 3551 765 3626 postulat,
779 3571 889 3613 aurum.
