2494 4274
496 247 620 304 sanna
639 250 687 298 111.

92 391 224 450 Perdidit
237 389 337 448 infelix
351 399 442 448 totum
457 391 545 448 nihil.
539 411 545 423 ·
567 392 685 450 ultimus
698 404 793 452 autem

93 469 247 527 AErumnae
263 469 405 540 cumulus,
419 467 496 543 qudd
510 471 629 541 nudum,
644 482 673 528 et
687 471 775 529 frusta
790 483 938 548 rogantem

92 548 191 605 Nemo
206 548 282 618 cibo,
296 567 381 604 nemo
396 548 525 623 hospitio,
540 561 670 623 tectoque
689 551 880 630 juvabit„

93 627 126 684 Si
142 645 250 702 magna
272 627 384 686 Asturii
406 627 512 684 cecidit
525 628 643 684 domus:
665 630 779 686 horrida
792 640 891 704 mater,

93 705 201 762 Pullati
216 723 358 792 proceres,
373 705 466 763 differt
480 706 641 762 vadimonia
655 719 764 782 praetor.
1026 711 1083 770 195

92 783 184 840 Tunc
198 783 340 858 gemimus
354 801 437 840 casus
451 783 545 874 Urbis,
560 795 629 840 tunc
642 786 777 842 odimus
769 805 874 860 ignem.

92 863 189 919 Ardet
204 863 308 949 adhue,
322 862 417 938 etjam
432 863 554 920 accurrit
557 862 627 938 ,qui
641 883 780 922 marmora
794 866 890 939 donet,

93 939 256 998 Conferat
250 957 400 1014 impensae.
442 940 501 996 Hic
516 942 593 998 nuda
603 952 632 999 et
645 943 805 1000 candida
783 963 876 1020 sigua,

93 1019 156 1076 Hic
172 1017 277 1093 aliquid
293 1019 459 1094 praclarum
475 1019 668 1094 Euphranoris
682 1033 711 1078 et
724 1021 871 1098 Polycleti,

94 1097 170 1154 Haec
185 1097 359 1154 Asianorum
375 1109 469 1155 vetera
482 1110 651 1156 ornamenta
665 1101 792 1173 deorum,
1022 1103 1082 1162 200

93 1176 154 1234 Hie
168 1176 254 1233 libros
269 1175 357 1247 dabit,
371 1187 399 1232 et
414 1177 517 1233 forulos
520 1177 720 1252 ,mediamque
734 1177 904 1256 Minervam,

94 1254 155 1311 Hic
170 1255 295 1312 modium
312 1255 429 1328 argenti
471 1223 592 1312 Meliora
606 1275 640 1313 ao
653 1257 737 1354 plura
748 1259 858 1335 reponit

95 1333 230 1390 Persicus
242 1333 374 1392 orborum
388 1334 559 1390 lautissimus
572 1344 601 1389 et
615 1333 716 1392 merito
727 1335 785 1410 jam

96 1414 266 1487 Suspectus
282 1421 416 1485 tanquam
434 1412 492 1485 ipse
507 1431 573 1468 suas
587 1413 747 1470 incenderit
760 1417 888 1474 aedes-
908 1385 928 1468 s
937 1393 958 1476 U

95 1492 129 1548 Si
142 1503 222 1566 potes
237 1490 319 1548 avelli
333 1490 529 1560 Circensibus,
543 1491 651 1564 optima
666 1491 754 1562 Sorae,
1023 1491 1082 1552 205

93 1571 159 1626 Aut
173 1569 343 1636 Fabrateria
357 1569 468 1638 domus,
484 1581 531 1626 aut
546 1569 707 1626 Frusinone
720 1580 844 1646 paratur,

92 1648 208 1709 Quanti
223 1668 301 1706 nunc
315 1649 448 1706 tenebras
463 1667 551 1704 unum
568 1649 706 1730 conducis
720 1648 751 1708 iu
765 1669 882 1708 annum.

94 1727 234 1785 Hortulus
249 1727 306 1798 hic,
320 1737 477 1802 puteusque
491 1726 592 1798 brevis,
608 1745 662 1788 nec
677 1740 751 1786 reste
764 1731 931 1805 movendus,

93 1805 131 1863 In
147 1818 247 1862 tenues
260 1806 370 1880 plantas
385 1806 459 1861 facili
474 1806 639 1863 diffunditur
653 1807 763 1864 haustu.
813 1862 818 1873 ,

92 1885 170 1942 Vive
183 1885 305 1942 bidentis
320 1903 427 1955 amans,
441 1896 470 1941 et
483 1885 552 1942 culti
567 1885 678 1942 villicus
692 1887 782 1956 horti3

14 1957 15 1962 ἵ
93 1963 180 2020 Unde
194 1963 308 2038 epulum
323 1963 413 2038 possis
427 1974 541 2020 centurn
557 1965 624 2020 dare
638 1965 848 2040 Pythagoreis.

93 2042 148 2100 Est
161 2043 277 2117 aliquid,
293 2060 462 2116 quocunque
476 2043 547 2114 loco,
541 2060 781 2172 ,quocunqup
744 2062 869 2117 recessu,

92 2121 188 2179 Unius
202 2140 265 2178 sese
278 2121 425 2180 dominum
440 2121 540 2177 fecisse
555 2121 676 2178 lacertae.
731 2129 810 2193 5¹⁸
794 2115 846 2164 Μ(

134 2200 278 2257 Plurimus
293 2199 340 2258 hic
355 2219 429 2289 ager
443 2201 560 2256 moritur
560 2185 735 2275 rigilando:
757 2203 807 2259 sed
822 2201 902 2262 illum

92 2280 275 2354 Languorem
289 2278 398 2354 peperit
412 2279 492 2335 cibus
507 2279 696 2369 imperfectus,
710 2281 863 2340 ethereus
950 2340 954 2344 .

92 2359 216 2418 Ardenti
231 2359 384 2414 stomacho.
426 2356 504 2413 Nam
518 2375 580 2432 quae
595 2359 955 2433 meritoriasomnumsw
1022 2381 1024 2391 ¹

93 2437 282 2495 Admittuntl
304 2435 419 2510 Magnis
432 2436 533 2510 opibus
547 2435 682 2492 dormitur
698 2434 727 2492 in
742 2436 835 2496 Urbe:

92 2515 168 2574 Inde
179 2525 267 2591 caput
279 2515 378 2572 morbi.
422 2515 589 2572 Rhodanum
604 2515 738 2570 transitus
752 2527 830 2573 arcto

92 2595 232 2653 Vicorum
244 2596 273 2655 in
286 2593 408 2668 flexu,et
419 2595 518 2650 stantis
532 2593 662 2651 convicia
675 2595 802 2652 mandrae

92 2673 223 2750 Eripieut
236 2691 367 2730 murnum
381 2672 485 2744 Druso,
499 2673 647 2747 vitulisque
661 2673 786 2731 marinis.

93 2755 125 2812 Si
139 2753 370 2828 vocatVofficiutn,
384 2752 467 2808 turba
481 2753 600 2810 cedente
615 2754 732 2810 vehetur

92 2832 190 2904 Dit'es,
205 2842 234 2889 et
247 2831 355 2906 ingenti
370 2841 464 2888 curret
477 2849 560 2906 super
574 2851 623 2888 ora
637 2832 773 2904 Liburno,

59 2913 189 2986 '‘''Atque
202 2911 292 2968 obiter
306 2909 391 2984 leget,
407 2921 455 2967 aut
466 2910 579 2980 scribet,
592 2911 635 2966 vel
650 2911 771 2968 dormiet
784 2911 879 2983 intus;

14 3033 16 3042 .
92 2989 225 3065 Namque
240 2989 307 3046 facit
320 3007 452 3046 somnum
467 2988 564 3044 clausa
578 2989 680 3046 lectica
694 2989 818 3046 fenestra

91 3066 171 3126 Ante
185 3079 282 3124 tamen
296 3066 410 3123 veniet:
431 3067 512 3122 nobis
525 3067 745 3153 properantibus
755 3067 849 3121 obstat

91 3148 177 3206 Uada
191 3147 289 3237 prior:
305 3163 409 3218 magno
423 3143 542 3217 populus
555 3142 657 3216 premit
670 3142 785 3218 agmine
798 3141 919 3220 lumbos,

91 3221 153 3288 Qui
167 3226 300 3300 sequitur
340 3221 422 3280 Ferit
438 3222 485 3279 hic
499 3219 604 3293 cubito,
620 3221 683 3278 serit
697 3239 791 3278 assere
805 3221 903 3283 duro

15 3327 19 3332 ·
92 3306 193 3372 Alter3
215 3314 243 3360 at
254 3304 301 3360 hic
315 3303 426 3378 tignum
440 3300 526 3376 capiti
540 3301 651 3372 incutit,
667 3301 714 3359 ille
728 3312 884 3362 metretam.

17 3404 22 3412 ¹
92 3347 217 3458 Pinguia
230 3401 314 3440 crura
326 3380 395 3454 luto,
409 3381 507 3455 planta
521 3398 587 3438 mox
601 3382 726 3457 undique
740 3381 847 3458 magua

92 3462 205 3532 Calcor,
220 3470 249 3518 et
262 3461 292 3517 iu
307 3461 395 3534 digito
409 3461 507 3517 clavus
520 3459 590 3523 mihi
612 3461 709 3518 militis
723 3461 819 3520 haeret.

129 3539 238 3600 Nonne
252 3540 341 3608 vides,
355 3550 460 3611 quanto
474 3539 635 3596 celebretur
648 3539 773 3613 sportula
787 3539 885 3596 sumol

91 3619 218 3676 Centum
232 3616 375 3676 convivae:
397 3615 522 3688 sequitur
536 3636 588 3674 sua
599 3632 739 3687 quemque
754 3615 858 3672 culina.

90 3697 217 3756 Corbulo
229 3696 277 3754 vix
290 3693 376 3752 ferret
388 3703 429 3750 tot
441 3709 508 3752 vasa
521 3692 657 3768 ingentia,
671 3702 713 3750 tot
725 3709 771 3751 res

89 3774 244 3857 Inpositas
257 3770 354 3910 capit&
367 3787 439 3848 quas
451 3783 531 3832 tecto
544 3769 649 3832 vertice
661 3781 754 3852 portat
