2494 4274
144 203 186 264 ω
458 199 491 249 D.
508 195 606 250 JUNll
621 196 819 248 wunnerus

145 341 196 400 Sic
209 360 321 420 possem
335 341 433 402 afferi:
454 339 520 416 Dic,
534 361 552 400 o
564 341 726 414 vanissime,
739 339 804 414 quis
816 349 845 398 te

145 419 293 479 Festiuare
304 420 406 498 jubetl
427 420 574 480 meliorem
586 431 689 497 presto
702 419 838 495 magistro

144 497 336 576 Discipulum·
377 501 503 558 Securus
517 499 581 557 abi:
602 495 736 568 vinceris,
751 507 783 554 ut
796 495 872 572 Ajax

145 576 287 637 Praeteriit
299 577 498 650 Telamonem,
512 590 545 635 ut
557 576 644 635 Pelea
656 575 725 633 vicit
738 575 877 633 Achilles.

145 654 326 715 Parcendum
340 657 462 716 teneris:
482 656 610 716 nondum
624 651 777 730 implevere
791 653 931 712 medullas

145 732 268 794 Mature
282 735 357 795 mala
370 735 514 811 nequitie.
553 734 654 795 Quum
667 742 781 810 pectere
795 732 911 790 barbsnr

145 812 273 890 (imperit
285 825 315 872 et
327 813 407 904 longi
421 831 587 872 mucronem
601 813 749 870 admittere
761 810 857 884 cultri,

145 889 247 949 Falsus
259 892 314 950 erit
326 903 415 964 testis,
430 892 533 949 vendet
545 891 668 968 perjuria
680 890 793 948 summi

144 967 258 1045 Exigue
271 980 301 1028 et
314 969 428 1028 Cereris
440 980 562 1046 tangens
575 986 710 1044 aramque
721 969 889 1046 pedemque.

145 1045 256 1106 Elatum
267 1048 327 1125 jam
340 1049 426 1106 crede
440 1065 554 1120 nurum,
568 1047 592 1105 si
605 1047 704 1106 limina
717 1057 809 1106 vestra

144 1123 294 1186 Mortifera
307 1145 374 1184 cum
388 1127 453 1185 dote
467 1126 552 1184 subit.
592 1126 710 1189 Quibus
723 1126 771 1184 ille
784 1135 927 1202 premetur

145 1203 200 1262 Per
213 1223 346 1264 somnum
360 1205 472 1282 digitis!
494 1224 561 1264 nam
574 1223 638 1280 que
652 1206 784 1280 terraque
798 1203 924 1281 merique

144 1282 330 1359 Aequirenda
342 1296 434 1362 putes,
448 1284 558 1344 brevior
571 1283 616 1340 via
629 1284 757 1342 conferet
769 1283 818 1341 illi.

144 1359 251 1421 Nullus
264 1364 341 1422 enim
355 1364 451 1441 megni
464 1363 578 1422 sceleris
589 1361 676 1421 labor.
718 1362 792 1420 Hec
804 1379 858 1439 ego
871 1379 1016 1440 nunquam

144 1437 292 1516 Mandavi,
306 1443 385 1501 dices
398 1443 476 1516 olim,
487 1461 543 1502 nec
556 1441 624 1501 tella
637 1441 722 1499 suasi.

144 1515 253 1580 Mentis
266 1541 353 1580 censa
366 1522 448 1581 melre
462 1533 558 1579 temen
571 1531 654 1578 estet
665 1520 745 1596 origo
757 1537 846 1595 penes
859 1529 896 1578 te.

144 1595 174 1652 N
176 1619 222 1658 am
236 1600 362 1675 quisquis
374 1600 473 1675 magni
487 1598 591 1657 ceneris
603 1597 740 1675 precepit
752 1615 887 1671 amorem,

145 1673 188 1735 Et
202 1679 272 1735 levo
285 1677 395 1735 monitu
409 1695 512 1752 pueros
525 1677 657 1752 producit
670 1695 784 1748 avaros,

145 1758 183 1816 Et
196 1756 244 1830 qui
257 1773 307 1830 per
322 1755 435 1813 fraudes
447 1754 616 1831 patrimonia
630 1755 831 1831 conduplicare

145 1834 203 1893 Dat
216 1833 384 1907 libertatem,
398 1843 428 1891 et
441 1844 514 1892 totas
527 1833 648 1892 effundit
663 1835 789 1893 habenas

144 1913 312 1972 Curriculo:
333 1930 416 1988 quem
431 1912 455 1970 si
469 1931 595 1986 revoces,
609 1912 761 1971 subsistere
774 1911 876 1986 nescit,

144 1992 183 2051 Et
195 2004 224 2051 te
237 2001 399 2067 contempto
412 1992 519 2069 rapitur
533 1992 671 2068 metisque
684 1991 797 2050 relictis.

143 2070 239 2128 Nemo
253 2068 322 2128 satis
336 2071 426 2128 credit
436 2069 548 2128 tantirm
563 2071 737 2146 delinquere,
751 2067 888 2146 quantum

143 2149 313 2207 Permittas:
334 2145 406 2205 adeb
421 2148 570 2224 indulgent
584 2148 637 2206 sibi
651 2147 735 2207 letids
749 2147 810 2225 ipsi.

142 2227 244 2289 Quum
258 2226 331 2284 dicis
341 2225 449 2302 juveni,
463 2225 590 2296 stultum,
604 2229 652 2302 qui
666 2228 754 2285 donet
767 2226 870 2299 emico,

142 2305 206 2368 Qui
219 2316 412 2382 paupertatem
427 2307 501 2363 levet
515 2305 677 2382 attollatque
690 2305 856 2382 propinqui;

143 2384 182 2442 Et
194 2384 315 2461 spoliare
329 2385 426 2458 doces,
441 2396 470 2444 et
483 2385 727 2458 circumscribere,
738 2394 767 2443 et
779 2385 858 2443 omni

143 2463 271 2522 Crimine
284 2463 396 2522 divitias
410 2483 462 2540 aeq
483 2465 565 2538 irere,
578 2482 696 2540 quarum
710 2482 788 2523 arnor
801 2463 832 2522 in
845 2474 884 2536 te,

141 2543 279 2605 Quantus
292 2552 352 2600 erat
365 2545 462 2618 patrie
505 2545 631 2602 sciorum
645 2543 675 2601 in
689 2553 813 2618 pectore,
827 2538 966 2617 quentbm

142 2620 252 2680 Dilexit
265 2620 392 2690 Thebas,
407 2621 431 2678 si
444 2621 558 2678 Graecie
571 2640 646 2693 vera,
662 2619 847 2678 Menoeceus:

143 2698 180 2756 In
194 2716 312 2772 quorum
327 2696 413 2755 sulcis
426 2698 553 2773 legiones
566 2699 699 2756 dentibus
713 2699 815 2774 anguis

142 2776 218 2833 Cum
232 2775 339 2850 clypeis
353 2784 519 2848 nascuntur,
533 2787 562 2833 et
577 2775 692 2834 horrida
704 2776 779 2833 bella
792 2787 946 2852 capessunt

142 2851 300 2926 Contiuub,
311 2863 445 2929 tanquam
459 2864 488 2912 et
502 2854 618 2912 tubicen
633 2855 788 2912 surrexerit
801 2853 867 2914 und.

141 2929 220 3010 Ergb
232 2932 339 3010 ignem,
354 2933 436 3010 cujus
450 2934 587 2993 scintillas
601 2934 660 3012 ipse
675 2933 788 3007 dedisti,

141 3011 325 3090 Flagrantem
338 3010 395 3071 late
409 3023 439 3072 et
451 3014 608 3091 rapientem
622 3023 728 3072 cuncte
741 3013 858 3072 videbis.

140 3091 206 3150 Nec
221 3093 273 3152 tibi
285 3105 417 3171 parcetur
431 3094 543 3168 misero,
558 3094 754 3171 trepidumque
768 3092 933 3170 magistrum

141 3169 177 3229 In
191 3172 280 3230 cavet
294 3190 400 3247 magno
414 3172 527 3230 fremitu
541 3173 586 3231 leo
599 3173 677 3230 tollet
690 3173 830 3230 alumnus.

180 3247 259 3304 Nota
272 3249 480 3305 mathematicis
493 3251 607 3321 genesis
617 3259 682 3305 tua:
703 3249 754 3305 sed
767 3265 852 3322 grave
865 3245 961 3303 tardas

140 3325 315 3400 Exspectare
328 3324 416 3380 colus.
458 3322 592 3381 Morieris
605 3325 726 3380 stamine
737 3324 865 3380 nondum

140 3404 280 3480 Abrupto.
320 3399 340 3456 J
342 3418 388 3458 em
401 3418 481 3458 nunc
493 3399 589 3458 obstas
602 3409 631 3457 et
644 3409 708 3458 vote
721 3399 855 3458 moraris:

139 3481 159 3538 J
161 3496 206 3539 am
220 3491 330 3557 torquet
341 3479 474 3558 juvenem
486 3479 573 3558 longa
585 3489 614 3539 et
624 3478 739 3537 cervina
751 3489 893 3538 senectus.

139 3557 233 3618 Ocihs
247 3559 432 3637 Archigenen
445 3579 549 3636 quaere,
564 3570 647 3637 atque
660 3577 733 3632 eme,
747 3559 821 3635 quod
832 3557 1014 3622 Mithridates

140 3637 317 3711 Composuit,
331 3639 355 3697 si
370 3639 411 3697 vis
424 3640 508 3697 aliam
523 3639 677 3716 decerpere
690 3639 787 3712 ficum,

140 3714 236 3786 Atque
250 3716 321 3774 alias
333 3727 454 3775 tractare
468 3737 554 3776 rosas.
596 3718 779 3778 Medicarnen
793 3719 956 3789 babendum
969 3730 1022 3796 est,
