2502 4284
491 289 617 342 stunt
632 291 683 342 ΠΙ.
1037 300 1077 359 m

90 431 180 510 Nigra
194 429 272 508 qudd
287 429 381 490 inlust
395 445 529 492 vmesoat
542 433 620 510 sepis
633 433 769 510 lympbd3

92 511 203 569 Dilutas
217 510 344 586 queritur
356 511 486 588 geminet
497 509 576 587 qued
590 513 685 570 fistule
697 514 812 590 guttas.¹

126 590 158 647 Ο
171 591 268 662 miser,
282 589 368 664 inque
381 590 443 647 dies
457 589 532 650 ultrd
545 591 647 648 miseri
669 591 793 650 bueoine
806 609 901 651 rerum
1041 596 1078 654 15

92 669 255 730 Venimusl
275 677 304 725 at
317 686 369 726 our
383 686 441 726 non
455 666 560 744 potids,
574 679 727 744 teneroque
741 671 875 746 pelrnnbo

90 749 126 806 Et
141 746 244 805 similis
258 764 357 822 regum
370 747 476 822 pueris,
490 766 614 823 pappare
628 747 770 806 minutum

89 827 199 899 Poscis,
213 836 242 884 et
255 826 342 884 iretns
356 843 485 882 memma
499 825 596 884 lellere
609 829 745 885 reousesl

130 905 199 962 ‘An
213 904 262 962 teli
276 905 406 961 studeam
419 902 530 962 calamo
539 906 560 962 l’
583 903 640 962 Cui
654 905 759 963 verbel
778 905 847 980 quid
862 906 931 966 istus

90 983 227 1041 Suoeinis
238 982 393 1058 ambagesl
414 981 466 1039 tibi
480 982 604 1041 luditur:
624 981 716 1041 effluis
729 1003 837 1043 amens.
1035 987 1077 1046 20

86 1060 293 1132 Contemnere,
307 1070 389 1119 sonat
401 1059 501 1118 vitium
510 1075 657 1138 'pereussa
668 1062 793 1141 maligne

91 1141 264 1216 Respondet
276 1138 358 1196 viridi
372 1157 430 1196 non
444 1150 526 1198 ooota
539 1140 634 1199 fidelia
647 1141 723 1200 limo.

91 1220 189 1277 Udum
203 1228 232 1275 et
245 1217 328 1275 molle
341 1217 433 1274 lutum
448 1235 488 1288 es,
503 1237 581 1276 nuno
595 1237 674 1276 nune
687 1221 890 1296 properandus,
904 1233 933 1282 st
945 1223 1004 1282 aeri

93 1297 263 1374 Fingendus
277 1297 339 1354 sine
352 1297 410 1354 fine
423 1296 493 1354 toti.
534 1297 592 1354 Sed
606 1315 672 1355 rure
685 1310 803 1372 peteme

93 1377 147 1434 Est
159 1376 210 1434 tibi
225 1375 266 1431 far
279 1375 433 1446 modicum,
447 1392 549 1449 purum
562 1386 592 1432 et
605 1377 667 1434 sine
676 1377 740 1434 labe
754 1377 886 1451 salinum,
1037 1381 1077 1437 25

94 1455 191 1531 (Quid
207 1465 315 1510 metues
325 1454 351 1531 l)
373 1451 534 1525 cultrixque
549 1453 604 1510 soei
618 1473 719 1511 seoura
731 1455 844 1529 patelle.

92 1535 160 1592 Hoo
174 1530 265 1590 setlsl
286 1549 323 1588 an
337 1533 438 1590 deoeat
450 1530 614 1605 pulmonem
628 1550 758 1607 rumpere
772 1534 872 1605 ventis,

94 1613 252 1669 Stemmate
266 1607 341 1685 qudd
357 1608 457 1666 Tusoo
469 1627 580 1667 remum
593 1608 742 1668 millesime
757 1612 848 1683 dueis,

94 1691 294 1748 Censoremne
308 1699 388 1746 tuum
403 1687 447 1746 vel
461 1685 538 1762 qudd
552 1688 678 1748 trabeate
692 1690 821 1748 salutnsl

94 1768 143 1825 Ad
157 1768 292 1845 populum
306 1765 456 1842 phaleras:
477 1785 532 1842 ego
545 1778 574 1825 te
587 1769 664 1826 intus
677 1778 706 1826 et
719 1769 749 1826 in
763 1780 830 1828 oute
844 1770 918 1828 novi.

94 1845 162 1903 Non
178 1846 266 1922 pudet
280 1847 315 1902 nd
330 1862 437 1902 morem
451 1845 584 1903 disoinoti
598 1847 690 1904 vivere
704 1845 822 1907 Nattnl

96 1922 156 1979 Sed
169 1935 262 2000 stupet
275 1924 322 1980 bio
336 1922 411 1994 vitio,
425 1935 454 1981 et
468 1923 545 1980 tibris
558 1925 678 1982 increvit
689 1927 815 1999 opimum

96 1999 226 2076 Pingue:
246 2011 324 2058 caret
337 2001 441 2076 eulpt:
461 2001 563 2071 nesoit,
576 2003 644 2076 quid
658 2004 773 2077 perdat:
793 2015 831 2075 et,
846 2004 902 2062 olto

96 2077 262 2149 Demersus,
277 2079 388 2136 summa
402 2098 460 2136 non
473 2097 570 2136 rursus
585 2080 666 2138 bullit
678 2080 708 2137 in
722 2081 808 2138 unde.

137 2155 245 2232 Magne
258 2167 336 2232 pater
350 2156 456 2229 divdm,
468 2175 556 2216 saevos
569 2158 670 2232 punire
683 2161 817 2234 tyrannos

97 2233 186 2290 Haud
200 2235 255 2292 alit
269 2235 376 2292 ratione
390 2236 468 2307 velis,
482 2253 569 2309 quum
583 2237 645 2294 dire
657 2237 745 2296 libido

97 2311 220 2371 Moverit
233 2312 390 2387 ingenium,
404 2313 521 2371 ferventi
535 2315 623 2373 tineta
636 2335 756 2388 veneno,

96 2390 242 2448 Virtutem
257 2390 379 2461 videant,
394 2391 625 2467 intabescantque
638 2395 743 2453 reliettl.

97 2470 185 2526 Anne
200 2465 292 2544 magle
306 2467 396 2525 Siouli
409 2482 579 2543 gemuerunt
593 2489 649 2527 oere
660 2471 785 2545 juvenei,

98 2549 159 2604 Aut
173 2543 264 2622 magle
278 2546 382 2603 auratis
396 2547 524 2622 pendens
536 2545 714 2620 laquearibus
727 2549 805 2606 ensis

96 2625 260 2700 Purpureas
274 2623 369 2681 subter
382 2625 508 2682 eervices
521 2626 628 2695 terruit,
643 2627 725 2698 imus,

96 2704 176 2760 Imus
185 2701 361 2777 precipites,
374 2700 460 2776 qndm
473 2702 498 2759 si
510 2702 564 2758 eibi
578 2703 664 2775 dieat,
677 2716 707 2763 et
716 2705 793 2762 intus

97 2781 207 2840 Palleat
221 2780 330 2852 infelix,
343 2780 420 2855 quod
434 2781 561 2855 proxima
574 2782 683 2840 neseiat
696 2786 785 2841 urorl
939 2855 941 2860 Ι

138 2860 223 2936 Saepe
235 2858 342 2929 oeulos,
357 2858 484 2930 memini,
493 2859 649 2934 tangebam
660 2881 762 2938 pervus
774 2863 857 2936 olivo,

97 2937 228 2995 Grandia
240 2937 264 2994 si
278 2937 381 2994 nollem
392 2937 519 2993 morituri
532 2937 616 2994 verbe
629 2938 746 2996 Catonis

96 3015 215 3088 Dicere,
229 3033 287 3072 non
302 3034 371 3074 sano
384 3011 505 3072 multlrm
518 3014 660 3072 laudande
673 3018 815 3092 magistro,

96 3094 175 3157 Ques
189 3103 269 3169 pater
282 3093 412 3150 adductis
425 3093 531 3150 sudans
544 3092 654 3150 audiret
668 3095 776 3151 amieis.

97 3171 187 3230 Iure:
208 3170 314 3230 etenim
325 3172 354 3229 id
369 3187 522 3240 summum,
536 3169 603 3243 quid
617 3169 715 3227 dexter
727 3173 807 3230 senio
820 3173 916 3247 ferret,

99 3250 183 3307 Soire
196 3249 300 3308 eratin
313 3261 393 3310 voto:
415 3249 552 3306 damnose
565 3247 696 3306 oenieula
708 3249 846 3323 quantum

98 3327 244 3386 Raderett
265 3339 392 3404 anguste
401 3326 479 3386 oollo
492 3342 550 3384 non
565 3325 654 3386 fallier
666 3345 760 3386 orae:

97 3405 129 3466 N
130 3424 167 3464 eu
182 3405 245 3481 quis
258 3407 384 3468 callidior
395 3406 502 3464 buxum
515 3415 644 3482 torquere
657 3406 777 3484 flagello.
817 3431 820 3438 ·

139 3483 229 3542 Ilaud
241 3485 292 3542 tibi
306 3485 485 3562 inexpertum
497 3503 598 3544 ourvos
611 3485 788 3561 deprendere
800 3507 904 3558 moses,

96 3563 231 3637 Quaque
245 3563 330 3622 dote
342 3563 453 3638 sepiens
463 3565 606 3622 'braooatis
618 3565 687 3620 illita
700 3561 795 3618 Medis

99 3640 240 3713 Porticus,
254 3640 393 3698 insomnis
405 3642 506 3714 quibus
519 3653 549 3700 et
560 3642 679 3696 detonsa
689 3638 822 3712 juventus

101 3717 243 3795 invigilat,
257 3715 366 3791 siliquis
379 3727 408 3774 et
419 3719 520 3792 grandi
534 3727 614 3793 pasta
625 3713 748 3791 pelenti.

98 3797 136 3854 tn
144 3796 213 3870 tibi,
227 3813 290 3892 qne
306 3795 417 3933 turpius
430 3795 540 3874 diduxit
553 3795 645 3853 littera
656 3809 760 3866 remos,
