2502 4284
156 223 196 285 94
492 222 523 269 1.
542 221 654 270 rsnsrr
671 220 795 270 nascor

156 359 256 418 Eetion
269 359 442 436 ingeminat:
462 361 632 438 reparabilis
646 370 761 419 assonat
774 358 865 419 Eeito.

157 438 230 498 Haec
244 439 353 513 fierent,
366 440 392 498 si
404 440 527 498 testiculi
541 459 614 498 vena
626 440 683 498 ulla
696 441 807 515 paterni

156 517 273 576 Viveret
286 518 316 576 iu
329 517 433 576 uobisl
453 519 564 575 summit
578 519 711 577 delumbe
725 519 813 575 salivi

157 595 223 654 Hoc
236 606 316 654 natat
328 597 358 654 iu
371 595 468 668 labris,
483 607 512 654 et
525 595 555 653 in
570 598 627 653 udo
639 608 683 654 est
695 595 807 653 Manae
820 595 969 655 etAttine
1086 597 1144 655 105

157 673 222 732 Neo
235 675 362 751 pluteum
376 675 469 747 coedit,
483 693 538 732 neo
552 675 696 732 demorsos
710 675 783 748 sapit
797 691 915 749 ungues.

196 754 274 810 ‘Sed
287 753 355 828 quid
368 772 439 829 opus
452 765 565 811 teneras
578 752 703 810 mordaci
717 752 815 810 radere
830 769 895 809 vero

157 829 335 889 Auriculnsl
356 831 418 889 vide
432 831 481 903 sis,
495 849 532 888 ne
546 831 683 906 majorum
697 830 748 888 tihi
764 827 835 888 sorte

157 907 271 965 Limina
284 908 452 984 frigescent:
474 919 555 966 sonat
570 907 618 965 hic
632 909 668 965 de
683 927 752 966 nare
766 909 870 965 cerrino

157 985 281 1044 Littera!
323 986 378 1044 Per
391 1003 437 1043 me
451 985 582 1061 equidem
596 987 652 1044 sint
661 987 758 1043 omnia
770 988 897 1062 protinus
911 985 984 1057 albe,
1084 987 1144 1044 11⁰

157 1063 207 1120 Nil
221 1083 321 1123 moror.
363 1063 461 1141 Euge!
483 1083 592 1137 omnes,
606 1083 705 1122 ornnes
719 1065 793 1121 bene
808 1066 885 1121 mirre
899 1064 977 1120 eritis
989 1082 1044 1122 res.

158 1141 223 1200 Hoc
234 1143 335 1219 juvati
375 1141 445 1216 Hic,
456 1144 559 1218 inquis,
574 1155 636 1200 veto
649 1144 796 1218 quisquam
812 1143 879 1201 faxit
888 1143 1001 1200 oletum.

157 1219 248 1296 Pinge
263 1223 334 1280 duos
346 1240 470 1298 angues:
491 1222 580 1298 pueri,
595 1239 675 1278 sacer
689 1232 732 1278 est
745 1222 840 1278 locus:
861 1219 941 1278 extri

157 1297 276 1357 Melite:
297 1300 422 1359 discedo.
464 1300 563 1357 Secuit
577 1300 705 1356 Lucilius
718 1299 834 1371 Urbem,

157 1376 213 1449 Te,
227 1377 317 1455 Lupe,
332 1389 369 1452 te,
384 1377 474 1452 Muci,
488 1390 517 1436 et
530 1378 687 1454 genuinum
701 1378 784 1453 fregit
795 1378 824 1435 in
838 1379 900 1436 illis.
1083 1379 1144 1436 115

157 1455 252 1515 Omne
266 1458 343 1516 valer
357 1459 455 1516 vitium
468 1458 571 1515 ridenti
583 1457 705 1514 Flaccus
719 1456 810 1514 amico

157 1533 275 1612 Tangit,
287 1547 316 1595 et
329 1538 469 1594 admissus
482 1536 592 1593 circum
605 1535 761 1610 praecordia
774 1534 854 1607 ludit,

157 1613 284 1670 Callidus
297 1633 417 1672 excusso
429 1614 565 1690 populum
579 1614 752 1688 suspendere
765 1631 843 1670 naso.

158 1689 235 1746 Men¹
252 1693 354 1748 mutire
368 1692 458 1762 nefas,
469 1707 524 1747 neo
537 1688 622 1763 oldm,
637 1710 692 1749 neo
705 1709 772 1750 cum
786 1691 904 1750 scrobel
952 1690 1142 1767 ‘Nusquam’

159 1767 217 1825 Hic
231 1780 326 1825 tamen
341 1770 495 1826 infodiam:
516 1769 595 1841 Vidi,
607 1770 663 1826 u’di
674 1771 743 1845 ipsc,
758 1769 862 1840 libelle,
1082 1770 1143 1828 12⁰

158 1845 312 1902 Auriculas
326 1847 397 1904 asini
413 1846 493 1903 Mida
506 1865 556 1903 rex
569 1847 671 1904 habet:
693 1849 748 1904 hoo
761 1865 815 1923 ego
828 1857 967 1924 opertum,

159 1924 223 1981 lloo
237 1925 329 1982 ridere
343 1944 449 1997 meum,
460 1935 519 1982 tarn
533 1925 583 1998 nil,
597 1925 676 1982 nulld
686 1926 738 1983 tibi
751 1927 844 1983 vendo

157 2001 257 2060 Iliade.
299 2004 423 2075 Audaci,
437 2005 610 2079 quicunque,
626 2003 717 2062 affiate
731 2004 859 2075 Cratino,

158 2080 265 2137 Iratum
280 2081 449 2156 Eupolidem
463 2083 622 2157 praegrarrdi
636 2083 703 2139 cu'm
717 2101 785 2139 sene
795 2083 893 2156 palles,
908 2121 909 2124 =

157 2158 264 2233 Aspice
278 2169 306 2215 et
317 2161 387 2231 haec,
402 2160 426 2216 ei
440 2157 511 2216 forte
527 2159 632 2234 aliquid
646 2159 792 2234 decoctius
805 2160 895 2218 audie.
1081 2161 1141 2218 125
1244 2139 1245 2182 f

157 2233 231 2293 lude
246 2237 377 2311 vaporatio
391 2238 479 2296 lector
493 2237 563 2294 mibi
578 2238 685 2296 ferveat
698 2256 782 2295 aure:

156 2312 224 2372 Non
240 2315 296 2388 hic,
310 2317 358 2392 qui
372 2317 402 2373 in
416 2316 545 2391 crepidas
555 2315 705 2374 Graiorum
719 2316 817 2373 ludere
831 2317 915 2392 gestit

158 2392 305 2466 Sordidus,
319 2407 348 2452 ct
358 2395 437 2453 lusco
450 2395 498 2470 qui
511 2395 604 2470 poscit
618 2396 723 2466 dicere,
738 2395 842 2468 Lusce,

157 2473 227 2528 Sese
242 2473 362 2548 aliquem
376 2475 506 2545 credens,
522 2473 595 2531 Italo
608 2470 683 2548 qudd
697 2475 803 2530 honore
817 2473 935 2549 supinus

156 2548 285 2626 Fregerit
296 2552 426 2610 heminas
440 2551 523 2610 Areti
538 2552 627 2609 odilis
640 2552 767 2627 iniquas:
832 2595 834 2600 .
1096 2551 1138 2610 30

155 2627 220 2685 Nec
233 2629 281 2703 qui
293 2630 383 2687 abaco
396 2648 539 2699 numeros,
554 2640 583 2686 et
597 2631 675 2687 s'eoto
689 2631 718 2687 in
732 2629 847 2705 pulvere
861 2639 959 2702 metas,

156 2707 218 2761 Scit
229 2707 324 2762 risisse
338 2707 423 2778 vafer,
438 2702 558 2764 multirm
573 2707 697 2781 gaudere
710 2719 834 2783 paratus,

156 2783 188 2838 Si
202 2782 314 2858 Cynico
328 2783 443 2840 barbam
456 2783 586 2859 petulans
599 2786 717 2842 nonaria
729 2785 821 2842 vellat.

155 2860 211 2918 His
224 2879 309 2918 mane
323 2861 459 2936 edictum,
473 2871 537 2938 post
546 2862 664 2938 prandia
678 2862 843 2922 Callirhodn
857 2865 902 2922 do.

536 3187 694 3245 SATIRA
715 3187 755 3244 Il.

422 3337 471 3384 11)
490 3335 648 3384 1101111111
663 3335 861 3384 ulcerosum

481 3528 484 3535 .
504 3495 545 3534 ou
566 3480 647 3534 110111
667 3493 784 3533 usura.

196 3636 298 3710 Hunc,
313 3637 454 3707 Macrine,
468 3636 544 3693 diem
557 3652 677 3692 numera
690 3634 806 3694 meliore
820 3633 925 3711 lapillo,

155 3711 220 3774 Qui
231 3715 283 3771 tibi
296 3716 423 3772 labentes
437 3713 551 3787 apponit
564 3713 702 3771 candidus
715 3733 813 3772 annos.

156 3787 260 3850 Funde
271 3807 379 3850 merum
392 3790 504 3851 Genio:
525 3809 583 3848 non
595 3800 627 3848 tu
640 3809 724 3867 prece
736 3792 831 3867 poscis
843 3790 936 3849 emaci
980 3781 1010 3804 ‘⁹
