2494 4274
165 245 209 308 78
484 240 517 289 D.
534 239 632 304 JUNII
649 232 843 290 JUVENA'LIS

166 385 242 444 Sunt
254 381 385 460 quedam
399 380 530 444 uitiorum
542 381 704 440 elementa:
724 380 769 440 lris
781 391 920 456 protenus
931 379 996 446 illos

165 462 284 536 imbuit,
297 471 327 520 et
340 460 417 538 cogit
429 461 562 521 minimas
575 460 703 520 ediscere
717 460 823 518 sordes.

165 540 238 600 Mox
250 540 417 617 acquirendi
431 540 516 600 docet
528 537 687 598 insatiabile
701 549 807 598 votum.
1107 540 1170 603 125

166 619 320 679 Servorum
333 630 445 678 ventres
457 618 554 678 modio
567 617 687 694 castigat
697 614 805 692 iniquo,

166 697 233 776 Ipse
246 717 357 775 quoque
371 697 517 756 esuriens:
538 715 631 772 neque
645 695 723 754 enim
736 695 835 754 omniu
847 695 968 758 nannet
980 714 1110 773 uuquam

166 775 288 836 Mucida
301 775 417 835 cerulei
430 776 513 853 panis
526 793 695 836 consumere
709 773 808 847 frusta,

167 855 345 914 Hesternum
359 855 458 914 solitus
471 854 567 914 medio
580 872 691 912 servare
705 852 825 912 minuul

167 932 344 1009 Septembri:
365 951 420 991 nec
434 951 492 992 non
506 931 620 993 differre
633 932 663 990 in
678 941 806 1008 tempore
818 950 909 994 ctene
1106 933 1167 992 130

167 1011 296 1070 Alterius
308 1012 449 1069 conchem
460 1011 585 1070 estivam
598 1029 665 1068 etun
678 1022 758 1087 purte
771 1010 872 1072 lacerti

167 1089 327 1166 Signatam,
342 1089 386 1148 vel
400 1089 518 1148 dimidio
530 1088 662 1166 putrique
675 1089 773 1162 siluro,

167 1169 288 1244 Filaqne
302 1167 401 1226 sectivi
415 1179 565 1230 numeratu
576 1167 726 1228 includere
738 1168 822 1246 porri.

167 1245 309 1306 Inritatus
322 1247 360 1308 ad
372 1247 435 1306 baec
449 1247 549 1324 aliquis
562 1248 600 1306 de
612 1259 700 1323 ponte
712 1248 836 1324 negabit.

168 1323 227 1384 Sed
240 1322 297 1402 qub
312 1323 423 1385 divitias
437 1327 500 1386 haec
512 1345 562 1403 per
576 1336 717 1386 tormenta
730 1337 855 1399 coactns,
1105 1327 1166 1386 135

166 1403 269 1466 Quum
283 1405 359 1464 firror
372 1405 449 1464 hand
462 1405 576 1477 dubius,
591 1423 679 1480 quum
692 1405 729 1464 sit
742 1405 893 1464 manifeste
904 1405 1063 1482 phrenas,

167 1483 207 1543 Ut
220 1483 346 1561 locuples
356 1485 495 1558 moriaris,
509 1484 621 1562 egentis
634 1485 727 1542 vivere
742 1484 821 1542 sutol

168 1561 282 1622 Interea
295 1563 379 1640 pleno
392 1583 483 1639 quum
494 1573 590 1639 turget
600 1562 734 1622 sacerdus
746 1582 805 1635 ore,

168 1642 283 1701 Crescit
296 1661 374 1699 amor
388 1643 509 1714 nummi,
522 1639 662 1716 quuntiun
675 1641 736 1717 ipse
750 1641 875 1718 pecunie
887 1642 977 1700 crevit
985 1661 998 1712 5,

167 1719 207 1776 Et
220 1717 316 1777 mimis
329 1719 405 1776 hanc
419 1731 506 1796 optat,
519 1721 568 1796 qui
582 1739 641 1778 non
655 1720 750 1778 hebet.
791 1717 870 1796 Ergo
884 1731 1000 1798 paratur
1104 1720 1164 1780 140

169 1797 270 1856 Altera
282 1796 348 1854 villa
361 1797 423 1869 tibi,
437 1816 526 1872 quum
539 1816 588 1856 rus
601 1817 659 1856 non
673 1798 778 1856 sufficit
791 1817 891 1872 unum

168 1874 206 1932 Et
219 1875 343 1952 proferre
356 1875 425 1934 libet
438 1875 529 1948 fines3
550 1877 694 1954 majorque
707 1878 818 1936 videtur

167 1953 207 2013 Et
220 1954 319 2013 melior
333 1954 428 2014 vicina
440 1973 523 2033 seges
534 1975 540 2014 :
562 1955 699 2016 mercaris
711 1967 741 2014 et
755 1957 840 2030 banc,
853 1967 884 2016 et

167 2033 305 2108 Arbusta,
319 2045 349 2092 et
361 2034 451 2093 densi
465 2047 591 2094 montem
604 2035 653 2112 qui
666 2049 752 2094 canet
761 2035 843 2094 olivi.

167 2113 301 2173 Quorum
315 2113 339 2170 si
352 2114 443 2190 pretio
456 2115 588 2174 domiuus
601 2134 661 2174 non
675 2113 796 2173 vincitur
810 2114 879 2188 ullo,

167 2189 262 2248 Nocte
277 2192 361 2249 boves
375 2192 474 2264 macri,
484 2193 615 2268 lassoque
629 2193 758 2252 famelica
771 2192 846 2252 collc

167 2269 305 2327 lumenta
318 2269 354 2328 ad
369 2269 474 2328 virides
486 2270 571 2347 hujus
584 2272 731 2330 mittentur
745 2272 860 2342 mistas3

167 2347 198 2406 N
199 2367 234 2406 ec
246 2346 325 2426 priirs
338 2348 405 2406 inde
419 2349 545 2423 domum,
559 2348 646 2426 quim
659 2360 718 2409 tota
730 2350 843 2410 novalis
855 2368 944 2410 seros

168 2426 204 2486 In
218 2439 329 2487 ventres
342 2428 457 2502 abeam,
470 2439 502 2488 ut
515 2431 616 2488 credas
630 2429 750 2488 falcibus
763 2441 867 2488 actum.

167 2505 273 2567 Dicere
286 2507 332 2566 vix
345 2507 445 2584 possis,
459 2507 545 2584 quim
559 2508 641 2568 multi
655 2508 723 2567 talia
734 2507 856 2585 plorent,

167 2585 206 2644 Et
219 2599 287 2662 quot
300 2587 416 2646 venales
430 2588 534 2664 injuria
548 2589 647 2646 secerit
660 2607 751 2663 agros.

168 2665 227 2722 Sed
240 2667 289 2741 qui
305 2669 469 2722 sermonesl
489 2665 575 2741 quim
589 2667 671 2724 soedae
686 2665 811 2724 buccina
825 2666 928 2724 fumat

168 2743 249 2803 Quid
264 2754 351 2800 nocet
364 2743 442 2800 hoel
463 2744 564 2818 inquit.
606 2744 753 2802 Tunicam
767 2744 838 2804 mihi
851 2744 929 2806 mato
939 2742 1045 2822 lupini,

166 2818 268 2884 Qmm
283 2821 307 2876 si
323 2839 369 2878 me
383 2831 443 2878 toto
455 2821 553 2880 laudet
567 2821 672 2880 vicinia
681 2841 765 2898 pago,

167 2897 274 2974 Exigui
287 2898 361 2956 ruris
374 2899 546 2976 paucissima
560 2899 633 2959 sarra
646 2911 801 2960 secantem.

168 2977 288 3036 Scilicet
301 2988 330 3035 et
344 2979 449 3038 morbis
462 2988 491 3038 et
505 2980 651 3039 debilitate
665 2980 786 3054 carebis,

167 3055 207 3115 Et
219 3057 329 3116 luctum
342 3069 372 3117 et
385 3078 483 3118 curam
497 3059 627 3138 effugies,
636 3071 665 3118 et
678 3071 805 3136 tempore
818 3060 883 3120 vitae

167 3136 270 3215 Longa
278 3137 334 3198 tibi
346 3149 410 3216 post
423 3139 486 3197 haec
501 3140 557 3199 sato
570 3140 687 3200 meliore
701 3140 855 3213 dabuntur,

167 3217 201 3274 Si
214 3223 326 3278 tantum
340 3218 409 3276 culti
423 3219 499 3276 solus
512 3220 674 3292 possederis
686 3219 759 3294 agri,

166 3295 318 3354 Quantum
334 3294 388 3351 sub
402 3293 488 3352 Tatio
495 3295 619 3368 populus
631 3297 784 3354 Munus
795 3295 903 3352 erubet

168 3368 239 3428 Mox
252 3370 339 3426 etiam
353 3370 449 3428 fractis
462 3379 545 3426 etate
559 3389 593 3426 ac
607 3371 719 3428 Punica
731 3372 822 3445 pessis

167 3448 281 3522 Proelia,
295 3447 339 3506 vel
352 3446 493 3522 Pyrrhum
505 3445 671 3520 immanem,
684 3448 849 3524 gladioque
862 3445 1017 3525 Molossos,

167 3527 303 3588 Tandem
315 3546 367 3604 pro
380 3525 478 3584 multis
491 3525 539 3584 viu
549 3525 650 3604 jugera
663 3527 732 3587 bina
743 3527 886 3588 dabantur

167 3606 352 3668 Vulneribus.
393 3604 509 3665 Merces
521 3625 556 3666 ea
569 3605 717 3684 sanguinis
731 3616 814 3682 amne
828 3607 938 3670 laboris

168 3681 264 3742 Nullis
274 3687 333 3745 visa
346 3704 471 3761 unquam
484 3685 592 3745 meritis
606 3686 707 3760 minor,
722 3697 771 3745 aut
785 3686 904 3764 ingratas

168 3759 260 3841 Curta
272 3763 343 3823 fides
354 3764 461 3842 patrie.
503 3764 655 3826 Saturabet
667 3767 782 3844 glebula
795 3767 861 3827 talis
