<?xml version="1.0" encoding="UTF-8"?>
<!DOCTYPE html PUBLIC "-//W3C//DTD XHTML 1.0 Transitional//EN"
    "http://www.w3.org/TR/xhtml1/DTD/xhtml1-transitional.dtd">
<html xmlns="http://www.w3.org/1999/xhtml" xml:lang="en" lang="en">
 <head>
  <title>
</title>
<meta http-equiv="Content-Type" content="text/html;charset=utf-8" />
  <meta name='ocr-system' content='tesseract 3.04.00' />
  <meta name='ocr-capabilities' content='ocr_page ocr_carea ocr_par ocr_line ocrx_word'/>
</head>
<body>
  <div class='ocr_page' id='page_1' title='image "./decimijuniijuve02levegoog_0081.png"; bbox 0 0 2494 4274; ppageno 0'>
   <div class='ocr_carea' id='block_1_1' title="bbox 175 209 842 276">
    <p class='ocr_par' dir='ltr' id='par_1_1' title="bbox 175 209 842 276">
     <span class='ocr_line' id='line_1_1' title="bbox 175 209 842 276; baseline -0.012 -10"><span class='ocrx_word' id='word_1_1' title='bbox 175 215 216 276; x_wconf 64' lang='lat'><strong>72</strong></span> <span class='ocrx_word' id='word_1_2' title='bbox 484 212 518 262; x_wconf 89' lang='lat' dir='ltr'><strong>D.</strong></span> <span class='ocrx_word' id='word_1_3' title='bbox 534 211 631 262; x_wconf 82' lang='lat' dir='ltr'><strong>JUNll</strong></span> <span class='ocrx_word' id='word_1_4' title='bbox 647 209 842 262; x_wconf 79' lang='lat' dir='ltr'>JUVENALIS</span> 
     </span>
    </p>
   </div>
   <div class='ocr_carea' id='block_1_2' title="bbox 147 349 1171 3768">
    <p class='ocr_par' dir='ltr' id='par_1_2' title="bbox 174 349 1171 895">
     <span class='ocr_line' id='line_1_2' title="bbox 175 349 982 430; baseline -0.001 -19"><span class='ocrx_word' id='word_1_5' title='bbox 175 353 230 412; x_wconf 87' lang='lat' dir='ltr'><strong>Vel</strong></span> <span class='ocrx_word' id='word_1_6' title='bbox 243 349 348 430; x_wconf 81' lang='lat' dir='ltr'><strong>putide,</strong></span> <span class='ocrx_word' id='word_1_7' title='bbox 361 350 499 430; x_wconf 83' lang='lat' dir='ltr'><strong>qusntbm</strong></span> <span class='ocrx_word' id='word_1_8' title='bbox 511 352 653 410; x_wconf 75' lang='lat' dir='ltr'><strong>Gradivus</strong></span> <span class='ocrx_word' id='word_1_9' title='bbox 667 350 856 410; x_wconf 78' lang='lat' dir='ltr'><strong>Homericus:</strong></span> <span class='ocrx_word' id='word_1_10' title='bbox 878 350 982 424; x_wconf 82' lang='lat' dir='ltr'><strong>liudis,</strong></span> 
     </span>
     <span class='ocr_line' id='line_1_3' title="bbox 174 429 1000 506; baseline 0.001 -17"><span class='ocrx_word' id='word_1_11' title='bbox 174 429 297 506; x_wconf 83' lang='lat' dir='ltr'>Jupiter,</span> <span class='ocrx_word' id='word_1_12' title='bbox 311 431 383 502; x_wconf 84' lang='lat' dir='ltr'><strong>brec,</strong></span> <span class='ocrx_word' id='word_1_13' title='bbox 398 449 452 488; x_wconf 88' lang='lat' dir='ltr'><strong>nec</strong></span> <span class='ocrx_word' id='word_1_14' title='bbox 465 431 544 489; x_wconf 86' lang='lat' dir='ltr'><strong>labra</strong></span> <span class='ocrx_word' id='word_1_15' title='bbox 556 449 660 500; x_wconf 88' lang='lat' dir='ltr'><strong>moves,</strong></span> <span class='ocrx_word' id='word_1_16' title='bbox 674 447 761 504; x_wconf 91' lang='lat' dir='ltr'><strong>quum</strong></span> <span class='ocrx_word' id='word_1_17' title='bbox 775 431 887 486; x_wconf 89' lang='lat' dir='ltr'><strong>mittere</strong></span> <span class='ocrx_word' id='word_1_18' title='bbox 901 449 1000 490; x_wconf 79' lang='lat' dir='ltr'><strong>rocem</strong></span> 
     </span>
     <span class='ocr_line' id='line_1_4' title="bbox 175 507 1171 580; baseline 0.001 -14"><span class='ocrx_word' id='word_1_19' title='bbox 175 507 332 580; x_wconf 89' lang='lat' dir='ltr'><strong>Debueras,</strong></span> <span class='ocrx_word' id='word_1_20' title='bbox 347 508 389 565; x_wconf 88' lang='lat' dir='ltr'><strong>vel</strong></span> <span class='ocrx_word' id='word_1_21' title='bbox 403 525 587 578; x_wconf 82' lang='lat' dir='ltr'><strong>marmoreus,</strong></span> <span class='ocrx_word' id='word_1_22' title='bbox 602 507 645 564; x_wconf 86' lang='lat' dir='ltr'><strong>val</strong></span> <span class='ocrx_word' id='word_1_23' title='bbox 661 507 790 564; x_wconf 70' lang='lat' dir='ltr'><strong>senensi</strong></span> <span class='ocrx_word' id='word_1_24' title='bbox 811 519 860 565; x_wconf 92' lang='lat' dir='ltr'><strong>aut</strong></span> <span class='ocrx_word' id='word_1_25' title='bbox 870 526 922 564; x_wconf 91' lang='lat' dir='ltr'><strong>cur</strong></span> <span class='ocrx_word' id='word_1_26' title='bbox 1108 509 1171 567; x_wconf 85' lang='lat'><strong>115</strong></span> 
     </span>
     <span class='ocr_line' id='line_1_5' title="bbox 174 583 779 660; baseline -0.008 -15"><span class='ocrx_word' id='word_1_27' title='bbox 174 587 211 644; x_wconf 94' lang='lat' dir='ltr'><strong>In</strong></span> <span class='ocrx_word' id='word_1_28' title='bbox 225 587 347 644; x_wconf 86' lang='lat' dir='ltr'><strong>carbone</strong></span> <span class='ocrx_word' id='word_1_29' title='bbox 360 597 409 644; x_wconf 91' lang='lat' dir='ltr'><strong>tuo</strong></span> <span class='ocrx_word' id='word_1_30' title='bbox 422 585 520 643; x_wconf 75' lang='lat' dir='ltr'><strong>oberti</strong></span> <span class='ocrx_word' id='word_1_31' title='bbox 533 586 581 660; x_wconf 84' lang='lat' dir='ltr'><strong>pis</strong></span> <span class='ocrx_word' id='word_1_32' title='bbox 593 585 676 642; x_wconf 88' lang='lat' dir='ltr'><strong>thura</strong></span> <span class='ocrx_word' id='word_1_33' title='bbox 688 583 779 640; x_wconf 82' lang='lat' dir='ltr'><strong>soluti</strong></span> 
     </span>
     <span class='ocr_line' id='line_1_6' title="bbox 174 661 904 740; baseline -0.004 -18"><span class='ocrx_word' id='word_1_34' title='bbox 174 664 321 735; x_wconf 89' lang='lat' dir='ltr'><strong>Ponimus,</strong></span> <span class='ocrx_word' id='word_1_35' title='bbox 334 677 364 722; x_wconf 88' lang='lat' dir='ltr'><strong>et</strong></span> <span class='ocrx_word' id='word_1_36' title='bbox 376 674 485 722; x_wconf 90' lang='lat' dir='ltr'><strong>sectum</strong></span> <span class='ocrx_word' id='word_1_37' title='bbox 499 663 578 720; x_wconf 89' lang='lat' dir='ltr'><strong>vituli</strong></span> <span class='ocrx_word' id='word_1_38' title='bbox 588 663 680 740; x_wconf 85' lang='lat' dir='ltr'><strong>jecur,</strong></span> <span class='ocrx_word' id='word_1_39' title='bbox 694 661 812 735; x_wconf 85' lang='lat' dir='ltr'><strong>albaque</strong></span> <span class='ocrx_word' id='word_1_40' title='bbox 825 661 904 736; x_wconf 91' lang='lat' dir='ltr'><strong>porci</strong></span> 
     </span>
     <span class='ocr_line' id='line_1_7' title="bbox 174 738 1011 814; baseline -0.002 -14"><span class='ocrx_word' id='word_1_41' title='bbox 174 741 319 800; x_wconf 85' lang='lat' dir='ltr'><strong>Omentsl</strong></span> <span class='ocrx_word' id='word_1_42' title='bbox 340 741 379 802; x_wconf 92' lang='lat' dir='ltr'><strong>Ut</strong></span> <span class='ocrx_word' id='word_1_43' title='bbox 392 741 482 814; x_wconf 86' lang='lat' dir='ltr'><strong>video,</strong></span> <span class='ocrx_word' id='word_1_44' title='bbox 496 741 605 799; x_wconf 89' lang='lat' dir='ltr'><strong>nullum</strong></span> <span class='ocrx_word' id='word_1_45' title='bbox 620 739 772 798; x_wconf 78' lang='lat' dir='ltr'><strong>discrimen</strong></span> <span class='ocrx_word' id='word_1_46' title='bbox 786 738 951 798; x_wconf 87' lang='lat' dir='ltr'><strong>habendum</strong></span> <span class='ocrx_word' id='word_1_47' title='bbox 965 749 1011 798; x_wconf 89' lang='lat' dir='ltr'><strong>est</strong></span> 
     </span>
     <span class='ocr_line' id='line_1_8' title="bbox 175 815 834 895; baseline -0.011 -15"><span class='ocrx_word' id='word_1_48' title='bbox 175 819 293 895; x_wconf 81' lang='lat' dir='ltr'><strong>Effigies</strong></span> <span class='ocrx_word' id='word_1_49' title='bbox 307 819 380 878; x_wconf 90' lang='lat' dir='ltr'><strong>inter</strong></span> <span class='ocrx_word' id='word_1_50' title='bbox 393 831 508 889; x_wconf 85' lang='lat' dir='ltr'><strong>vestras,</strong></span> <span class='ocrx_word' id='word_1_51' title='bbox 523 830 698 892; x_wconf 80' lang='lat' dir='ltr'><strong>statuamque</strong></span> <span class='ocrx_word' id='word_1_52' title='bbox 713 815 834 892; x_wconf 91' lang='lat' dir='ltr'><strong>Vagelli.</strong></span> 
     </span>
    </p>

    <p class='ocr_par' dir='ltr' id='par_1_3' title="bbox 147 893 1164 3768">
     <span class='ocr_line' id='line_1_9' title="bbox 214 893 840 972; baseline -0.003 -18"><span class='ocrx_word' id='word_1_53' title='bbox 214 897 336 972; x_wconf 82' lang='lat' dir='ltr'><strong>Accipe,</strong></span> <span class='ocrx_word' id='word_1_54' title='bbox 350 915 413 971; x_wconf 80' lang='lat' dir='ltr'><strong>que</strong></span> <span class='ocrx_word' id='word_1_55' title='bbox 427 893 527 954; x_wconf 72' lang='lat' dir='ltr'><strong>contri</strong></span> <span class='ocrx_word' id='word_1_56' title='bbox 540 896 631 953; x_wconf 85' lang='lat' dir='ltr'><strong>valeat</strong></span> <span class='ocrx_word' id='word_1_57' title='bbox 644 895 744 952; x_wconf 84' lang='lat' dir='ltr'><strong>solatia</strong></span> <span class='ocrx_word' id='word_1_58' title='bbox 758 894 840 966; x_wconf 87' lang='lat' dir='ltr'><strong>ferre,</strong></span> 
     </span>
     <span class='ocr_line' id='line_1_10' title="bbox 176 972 893 1050; baseline 0 -17"><span class='ocrx_word' id='word_1_59' title='bbox 176 974 214 1033; x_wconf 85' lang='lat' dir='ltr'><strong>Et</strong></span> <span class='ocrx_word' id='word_1_60' title='bbox 226 975 275 1048; x_wconf 91' lang='lat' dir='ltr'><strong>qui</strong></span> <span class='ocrx_word' id='word_1_61' title='bbox 289 993 343 1032; x_wconf 91' lang='lat' dir='ltr'><strong>nec</strong></span> <span class='ocrx_word' id='word_1_62' title='bbox 356 974 481 1049; x_wconf 81' lang='lat' dir='ltr'><strong>Cynicos</strong></span> <span class='ocrx_word' id='word_1_63' title='bbox 495 992 550 1030; x_wconf 88' lang='lat' dir='ltr'><strong>nec</strong></span> <span class='ocrx_word' id='word_1_64' title='bbox 565 975 663 1032; x_wconf 88' lang='lat' dir='ltr'><strong>Stoica</strong></span> <span class='ocrx_word' id='word_1_65' title='bbox 677 974 810 1048; x_wconf 83' lang='lat' dir='ltr'><strong>dogmate</strong></span> <span class='ocrx_word' id='word_1_66' title='bbox 823 972 893 1050; x_wconf 87' lang='lat' dir='ltr'><strong>legit</strong></span> 
     </span>
     <span class='ocr_line' id='line_1_11' title="bbox 175 1049 846 1127; baseline 0 -17"><span class='ocrx_word' id='word_1_67' title='bbox 175 1054 204 1110; x_wconf 81' lang='lat' dir='ltr'>A</span> <span class='ocrx_word' id='word_1_68' title='bbox 219 1051 337 1127; x_wconf 75' lang='lat' dir='ltr'><strong>Cynicis</strong></span> <span class='ocrx_word' id='word_1_69' title='bbox 349 1052 448 1109; x_wconf 74' lang='lat' dir='ltr'><strong>tunicii</strong></span> <span class='ocrx_word' id='word_1_70' title='bbox 462 1051 605 1122; x_wconf 80' lang='lat' dir='ltr'><strong>distantia,</strong></span> <span class='ocrx_word' id='word_1_71' title='bbox 619 1071 677 1109; x_wconf 91' lang='lat' dir='ltr'><strong>non</strong></span> <span class='ocrx_word' id='word_1_72' title='bbox 688 1049 846 1126; x_wconf 86' lang='lat' dir='ltr'><strong>Epicurum</strong></span> 
     </span>
     <span class='ocr_line' id='line_1_12' title="bbox 177 1129 797 1206; baseline 0 -18"><span class='ocrx_word' id='word_1_73' title='bbox 177 1130 302 1206; x_wconf 76' lang='lat' dir='ltr'><strong>Suspicit</strong></span> <span class='ocrx_word' id='word_1_74' title='bbox 314 1129 410 1206; x_wconf 86' lang='lat' dir='ltr'><strong>exigui</strong></span> <span class='ocrx_word' id='word_1_75' title='bbox 423 1129 519 1188; x_wconf 81' lang='lat' dir='ltr'><strong>laetum</strong></span> <span class='ocrx_word' id='word_1_76' title='bbox 532 1130 705 1205; x_wconf 80' lang='lat' dir='ltr'><strong>plantaribus</strong></span> <span class='ocrx_word' id='word_1_77' title='bbox 717 1130 797 1188; x_wconf 91' lang='lat' dir='ltr'><strong>horti.</strong></span> 
     </span>
     <span class='ocr_line' id='line_1_13' title="bbox 176 1207 806 1284; baseline -0.003 -18"><span class='ocrx_word' id='word_1_78' title='bbox 176 1207 319 1266; x_wconf 89' lang='lat' dir='ltr'><strong>Curentur</strong></span> <span class='ocrx_word' id='word_1_79' title='bbox 333 1209 410 1266; x_wconf 90' lang='lat' dir='ltr'><strong>dubii</strong></span> <span class='ocrx_word' id='word_1_80' title='bbox 425 1209 543 1266; x_wconf 89' lang='lat' dir='ltr'><strong>medicis</strong></span> <span class='ocrx_word' id='word_1_81' title='bbox 553 1208 706 1284; x_wconf 89' lang='lat' dir='ltr'><strong>majoribus</strong></span> <span class='ocrx_word' id='word_1_82' title='bbox 720 1208 806 1284; x_wconf 77' lang='lat' dir='ltr'><strong>egri3</strong></span> 
     </span>
     <span class='ocr_line' id='line_1_14' title="bbox 176 1285 856 1364; baseline 0 -20"><span class='ocrx_word' id='word_1_83' title='bbox 176 1285 225 1344; x_wconf 91' lang='lat' dir='ltr'><strong>Tu</strong></span> <span class='ocrx_word' id='word_1_84' title='bbox 239 1305 342 1344; x_wconf 84' lang='lat' dir='ltr'><strong>venam</strong></span> <span class='ocrx_word' id='word_1_85' title='bbox 356 1286 399 1343; x_wconf 87' lang='lat' dir='ltr'><strong>vel</strong></span> <span class='ocrx_word' id='word_1_86' title='bbox 413 1286 552 1364; x_wconf 85' lang='lat' dir='ltr'><strong>discipulo</strong></span> <span class='ocrx_word' id='word_1_87' title='bbox 565 1286 710 1344; x_wconf 77' lang='lat' dir='ltr'><strong>committe</strong></span> <span class='ocrx_word' id='word_1_88' title='bbox 724 1286 856 1364; x_wconf 88' lang='lat' dir='ltr'><strong>Philippi.</strong></span> 
     </span>
     <span class='ocr_line' id='line_1_15' title="bbox 177 1364 843 1424; baseline -0.003 -1"><span class='ocrx_word' id='word_1_89' title='bbox 177 1365 209 1423; x_wconf 85' lang='lat' dir='ltr'><strong>Si</strong></span> <span class='ocrx_word' id='word_1_90' title='bbox 223 1365 332 1423; x_wconf 90' lang='lat' dir='ltr'><strong>nullum</strong></span> <span class='ocrx_word' id='word_1_91' title='bbox 346 1365 375 1422; x_wconf 93' lang='lat' dir='ltr'><strong>in</strong></span> <span class='ocrx_word' id='word_1_92' title='bbox 389 1365 471 1424; x_wconf 91' lang='lat' dir='ltr'><strong>terris</strong></span> <span class='ocrx_word' id='word_1_93' title='bbox 483 1375 542 1422; x_wconf 88' lang='lat' dir='ltr'><strong>tam</strong></span> <span class='ocrx_word' id='word_1_94' title='bbox 556 1364 722 1422; x_wconf 88' lang='lat' dir='ltr'><strong>detestabile</strong></span> <span class='ocrx_word' id='word_1_95' title='bbox 737 1365 843 1422; x_wconf 87' lang='lat' dir='ltr'><strong>facturn</strong></span> 
     </span>
     <span class='ocr_line' id='line_1_16' title="bbox 175 1441 864 1520; baseline 0.003 -20"><span class='ocrx_word' id='word_1_96' title='bbox 175 1441 323 1517; x_wconf 84' lang='lat' dir='ltr'><strong>Ostendis,</strong></span> <span class='ocrx_word' id='word_1_97' title='bbox 337 1454 434 1512; x_wconf 83' lang='lat' dir='ltr'><strong>taceo;</strong></span> <span class='ocrx_word' id='word_1_98' title='bbox 455 1463 510 1500; x_wconf 88' lang='lat' dir='ltr'><strong>nec</strong></span> <span class='ocrx_word' id='word_1_99' title='bbox 522 1444 626 1520; x_wconf 81' lang='lat' dir='ltr'><strong>pugnis</strong></span> <span class='ocrx_word' id='word_1_100' title='bbox 640 1443 750 1501; x_wconf 73' lang='lat' dir='ltr'><strong>caedere</strong></span> <span class='ocrx_word' id='word_1_101' title='bbox 764 1454 864 1518; x_wconf 87' lang='lat' dir='ltr'><strong>pectus</strong></span> 
     </span>
     <span class='ocr_line' id='line_1_17' title="bbox 176 1519 897 1598; baseline 0.001 -20"><span class='ocrx_word' id='word_1_102' title='bbox 176 1521 223 1580; x_wconf 86' lang='lat' dir='ltr'><strong>Te</strong></span> <span class='ocrx_word' id='word_1_103' title='bbox 237 1534 309 1594; x_wconf 88' lang='lat' dir='ltr'><strong>veto,</strong></span> <span class='ocrx_word' id='word_1_104' title='bbox 324 1541 378 1582; x_wconf 86' lang='lat' dir='ltr'><strong>nec</strong></span> <span class='ocrx_word' id='word_1_105' title='bbox 390 1523 475 1598; x_wconf 80' lang='lat' dir='ltr'><strong>planti</strong></span> <span class='ocrx_word' id='word_1_106' title='bbox 490 1522 591 1579; x_wconf 90' lang='lat' dir='ltr'><strong>faciem</strong></span> <span class='ocrx_word' id='word_1_107' title='bbox 605 1522 779 1579; x_wconf 87' lang='lat' dir='ltr'><strong>contundere</strong></span> <span class='ocrx_word' id='word_1_108' title='bbox 793 1519 897 1596; x_wconf 78' lang='lat' dir='ltr'><strong>palmi,</strong></span> 
     </span>
     <span class='ocr_line' id='line_1_18' title="bbox 175 1597 1000 1674; baseline 0.005 -18"><span class='ocrx_word' id='word_1_109' title='bbox 175 1597 417 1674; x_wconf 76' lang='lat' dir='ltr'><strong>Quandoquidem</strong></span> <span class='ocrx_word' id='word_1_110' title='bbox 431 1610 548 1674; x_wconf 87' lang='lat' dir='ltr'><strong>accepto</strong></span> <span class='ocrx_word' id='word_1_111' title='bbox 562 1599 721 1657; x_wconf 89' lang='lat' dir='ltr'><strong>claudenda</strong></span> <span class='ocrx_word' id='word_1_112' title='bbox 734 1611 777 1658; x_wconf 88' lang='lat' dir='ltr'><strong>est</strong></span> <span class='ocrx_word' id='word_1_113' title='bbox 788 1599 1000 1674; x_wconf 69' lang='lat' dir='ltr'><strong>januariarum,</strong></span> 
     </span>
     <span class='ocr_line' id='line_1_19' title="bbox 176 1675 1164 1752; baseline 0.002 -20"><span class='ocrx_word' id='word_1_114' title='bbox 176 1675 215 1732; x_wconf 90' lang='lat' dir='ltr'><strong>Et</strong></span> <span class='ocrx_word' id='word_1_115' title='bbox 228 1676 332 1751; x_wconf 88' lang='lat' dir='ltr'><strong>majore</strong></span> <span class='ocrx_word' id='word_1_116' title='bbox 346 1676 447 1734; x_wconf 82' lang='lat' dir='ltr'><strong>domtis</strong></span> <span class='ocrx_word' id='word_1_117' title='bbox 459 1687 576 1752; x_wconf 83' lang='lat' dir='ltr'><strong>gemitu,</strong></span> <span class='ocrx_word' id='word_1_118' title='bbox 586 1677 690 1752; x_wconf 89' lang='lat' dir='ltr'><strong>majore</strong></span> <span class='ocrx_word' id='word_1_119' title='bbox 704 1677 827 1736; x_wconf 81' lang='lat' dir='ltr'><strong>tumultu</strong></span> <span class='ocrx_word' id='word_1_120' title='bbox 1104 1677 1164 1734; x_wconf 84' lang='lat'><strong>13⁰</strong></span> 
     </span>
     <span class='ocr_line' id='line_1_20' title="bbox 177 1752 982 1831; baseline 0.004 -22"><span class='ocrx_word' id='word_1_121' title='bbox 177 1752 353 1828; x_wconf 88' lang='lat' dir='ltr'><strong>Planguntur</strong></span> <span class='ocrx_word' id='word_1_122' title='bbox 367 1754 486 1825; x_wconf 91' lang='lat' dir='ltr'><strong>nummi,</strong></span> <span class='ocrx_word' id='word_1_123' title='bbox 501 1752 586 1831; x_wconf 71' lang='lat' dir='ltr'><strong>quim</strong></span> <span class='ocrx_word' id='word_1_124' title='bbox 600 1756 707 1812; x_wconf 90' lang='lat' dir='ltr'><strong>funera.</strong></span> <span class='ocrx_word' id='word_1_125' title='bbox 748 1755 843 1814; x_wconf 91' lang='lat' dir='ltr'><strong>Nemo</strong></span> <span class='ocrx_word' id='word_1_126' title='bbox 856 1754 982 1814; x_wconf 89' lang='lat' dir='ltr'><strong>dolorem</strong></span> 
     </span>
     <span class='ocr_line' id='line_1_21' title="bbox 177 1829 909 1906; baseline 0.007 -18"><span class='ocrx_word' id='word_1_127' title='bbox 177 1829 275 1906; x_wconf 85' lang='lat' dir='ltr'><strong>Fingit</strong></span> <span class='ocrx_word' id='word_1_128' title='bbox 288 1832 317 1888; x_wconf 91' lang='lat' dir='ltr'><strong>in</strong></span> <span class='ocrx_word' id='word_1_129' title='bbox 332 1833 386 1889; x_wconf 90' lang='lat' dir='ltr'><strong>hoc</strong></span> <span class='ocrx_word' id='word_1_130' title='bbox 400 1849 479 1905; x_wconf 83' lang='lat' dir='ltr'><strong>cusu,</strong></span> <span class='ocrx_word' id='word_1_131' title='bbox 494 1844 600 1890; x_wconf 83' lang='lat' dir='ltr'><strong>vestem</strong></span> <span class='ocrx_word' id='word_1_132' title='bbox 614 1833 755 1892; x_wconf 88' lang='lat' dir='ltr'><strong>deducere</strong></span> <span class='ocrx_word' id='word_1_133' title='bbox 769 1852 909 1892; x_wconf 85' lang='lat' dir='ltr'><strong>summam</strong></span> 
     </span>
     <span class='ocr_line' id='line_1_22' title="bbox 177 1908 815 1982; baseline 0.006 -16"><span class='ocrx_word' id='word_1_134' title='bbox 177 1908 345 1982; x_wconf 86' lang='lat' dir='ltr'><strong>Contentus,</strong></span> <span class='ocrx_word' id='word_1_135' title='bbox 359 1929 461 1968; x_wconf 81' lang='lat' dir='ltr'><strong>vertere</strong></span> <span class='ocrx_word' id='word_1_136' title='bbox 474 1911 570 1968; x_wconf 90' lang='lat' dir='ltr'><strong>oculos</strong></span> <span class='ocrx_word' id='word_1_137' title='bbox 584 1913 700 1970; x_wconf 88' lang='lat' dir='ltr'><strong>humore</strong></span> <span class='ocrx_word' id='word_1_138' title='bbox 715 1924 815 1970; x_wconf 88' lang='lat' dir='ltr'><strong>coacto</strong></span> 
     </span>
     <span class='ocr_line' id='line_1_23' title="bbox 176 1986 796 2066; baseline 0 -20"><span class='ocrx_word' id='word_1_139' title='bbox 176 1986 305 2046; x_wconf 86' lang='lat' dir='ltr'><strong>Ploratur</strong></span> <span class='ocrx_word' id='word_1_140' title='bbox 318 1989 450 2064; x_wconf 81' lang='lat' dir='ltr'><strong>lacrymis</strong></span> <span class='ocrx_word' id='word_1_141' title='bbox 464 1989 567 2046; x_wconf 87' lang='lat' dir='ltr'><strong>amissa</strong></span> <span class='ocrx_word' id='word_1_142' title='bbox 580 1990 702 2066; x_wconf 90' lang='lat' dir='ltr'><strong>pecnnia</strong></span> <span class='ocrx_word' id='word_1_143' title='bbox 716 1989 796 2048; x_wconf 90' lang='lat' dir='ltr'><strong>veris.</strong></span> 
     </span>
     <span class='ocr_line' id='line_1_24' title="bbox 177 2066 890 2144; baseline 0.004 -21"><span class='ocrx_word' id='word_1_144' title='bbox 177 2067 234 2123; x_wconf 84' lang='lat' dir='ltr'><strong>Sed</strong></span> <span class='ocrx_word' id='word_1_145' title='bbox 250 2066 274 2124; x_wconf 93' lang='lat' dir='ltr'><strong>si</strong></span> <span class='ocrx_word' id='word_1_146' title='bbox 287 2079 392 2124; x_wconf 86' lang='lat' dir='ltr'><strong>cunata</strong></span> <span class='ocrx_word' id='word_1_147' title='bbox 406 2068 483 2125; x_wconf 86' lang='lat' dir='ltr'><strong>vides</strong></span> <span class='ocrx_word' id='word_1_148' title='bbox 496 2067 580 2124; x_wconf 87' lang='lat' dir='ltr'><strong>simili</strong></span> <span class='ocrx_word' id='word_1_149' title='bbox 596 2069 653 2126; x_wconf 89' lang='lat' dir='ltr'><strong>fora</strong></span> <span class='ocrx_word' id='word_1_150' title='bbox 666 2067 751 2144; x_wconf 87' lang='lat' dir='ltr'><strong>plena</strong></span> <span class='ocrx_word' id='word_1_151' title='bbox 763 2069 890 2144; x_wconf 69' lang='lat' dir='ltr'><strong>querelis,</strong></span> 
     </span>
     <span class='ocr_line' id='line_1_25' title="bbox 177 2143 764 2220; baseline 0.003 -21"><span class='ocrx_word' id='word_1_152' title='bbox 177 2143 219 2214; x_wconf 85' lang='lat' dir='ltr'><strong>Si,</strong></span> <span class='ocrx_word' id='word_1_153' title='bbox 233 2143 329 2201; x_wconf 88' lang='lat' dir='ltr'><strong>decies</strong></span> <span class='ocrx_word' id='word_1_154' title='bbox 341 2145 422 2202; x_wconf 88' lang='lat' dir='ltr'><strong>lectis</strong></span> <span class='ocrx_word' id='word_1_155' title='bbox 433 2145 543 2202; x_wconf 73' lang='lat' dir='ltr'><strong>diversi</strong></span> <span class='ocrx_word' id='word_1_156' title='bbox 556 2157 634 2220; x_wconf 86' lang='lat' dir='ltr'><strong>parte</strong></span> <span class='ocrx_word' id='word_1_157' title='bbox 645 2145 764 2216; x_wconf 81' lang='lat' dir='ltr'><strong>tabellis,</strong></span> 
     </span>
     <span class='ocr_line' id='line_1_26' title="bbox 176 2221 843 2298; baseline 0.001 -21"><span class='ocrx_word' id='word_1_158' title='bbox 176 2221 260 2278; x_wconf 88' lang='lat' dir='ltr'><strong>Vana</strong></span> <span class='ocrx_word' id='word_1_159' title='bbox 273 2223 439 2297; x_wconf 83' lang='lat' dir='ltr'><strong>supervacui</strong></span> <span class='ocrx_word' id='word_1_160' title='bbox 453 2223 553 2280; x_wconf 88' lang='lat' dir='ltr'><strong>dicunt</strong></span> <span class='ocrx_word' id='word_1_161' title='bbox 565 2224 751 2298; x_wconf 88' lang='lat' dir='ltr'><strong>chirographa</strong></span> <span class='ocrx_word' id='word_1_162' title='bbox 764 2221 843 2298; x_wconf 85' lang='lat' dir='ltr'><strong>ligni,</strong></span> 
     </span>
     <span class='ocr_line' id='line_1_27' title="bbox 178 2298 943 2378; baseline 0.005 -24"><span class='ocrx_word' id='word_1_163' title='bbox 178 2298 281 2374; x_wconf 84' lang='lat' dir='ltr'><strong>Arguit</strong></span> <span class='ocrx_word' id='word_1_164' title='bbox 294 2300 419 2375; x_wconf 90' lang='lat' dir='ltr'><strong>ipsorum</strong></span> <span class='ocrx_word' id='word_1_165' title='bbox 432 2320 501 2376; x_wconf 88' lang='lat' dir='ltr'><strong>qnos</strong></span> <span class='ocrx_word' id='word_1_166' title='bbox 515 2299 616 2372; x_wconf 85' lang='lat' dir='ltr'><strong>litters,</strong></span> <span class='ocrx_word' id='word_1_167' title='bbox 631 2320 797 2378; x_wconf 86' lang='lat' dir='ltr'><strong>gemmaque</strong></span> <span class='ocrx_word' id='word_1_168' title='bbox 811 2299 943 2378; x_wconf 90' lang='lat' dir='ltr'><strong>princeps</strong></span> 
     </span>
     <span class='ocr_line' id='line_1_28' title="bbox 178 2375 894 2456; baseline 0.003 -22"><span class='ocrx_word' id='word_1_169' title='bbox 178 2375 388 2452; x_wconf 71' lang='lat' dir='ltr'><strong>sardonychus,</strong></span> <span class='ocrx_word' id='word_1_170' title='bbox 402 2378 502 2437; x_wconf 88' lang='lat' dir='ltr'><strong>loculis</strong></span> <span class='ocrx_word' id='word_1_171' title='bbox 515 2398 577 2456; x_wconf 89' lang='lat' dir='ltr'><strong>quae</strong></span> <span class='ocrx_word' id='word_1_172' title='bbox 591 2381 747 2438; x_wconf 86' lang='lat' dir='ltr'><strong>custoditur</strong></span> <span class='ocrx_word' id='word_1_173' title='bbox 760 2379 894 2438; x_wconf 88' lang='lat' dir='ltr'><strong>eburnis:</strong></span> 
     </span>
     <span class='ocr_line' id='line_1_29' title="bbox 178 2455 841 2528; baseline 0.006 -16"><span class='ocrx_word' id='word_1_174' title='bbox 178 2455 263 2528; x_wconf 88' lang='lat' dir='ltr'><strong>Ten’,</strong></span> <span class='ocrx_word' id='word_1_175' title='bbox 277 2455 305 2514; x_wconf 94' lang='grc' dir='ltr'>Ο</span> <span class='ocrx_word' id='word_1_176' title='bbox 319 2457 451 2516; x_wconf 87' lang='lat' dir='ltr'><strong>delicias!</strong></span> <span class='ocrx_word' id='word_1_177' title='bbox 474 2470 552 2516; x_wconf 83' lang='lat' dir='ltr'><strong>extra</strong></span> <span class='ocrx_word' id='word_1_178' title='bbox 565 2459 726 2516; x_wconf 90' lang='lat' dir='ltr'><strong>communia</strong></span> <span class='ocrx_word' id='word_1_179' title='bbox 740 2478 841 2516; x_wconf 87' lang='lat' dir='ltr'><strong>censes</strong></span> 
     </span>
     <span class='ocr_line' id='line_1_30' title="bbox 180 2533 802 2612; baseline 0 -18"><span class='ocrx_word' id='word_1_180' title='bbox 180 2533 366 2594; x_wconf 87' lang='lat' dir='ltr'><strong>Ponenduml</strong></span> <span class='ocrx_word' id='word_1_181' title='bbox 387 2535 450 2596; x_wconf 76' lang='lat' dir='ltr'><strong>Qut</strong></span> <span class='ocrx_word' id='word_1_182' title='bbox 464 2549 495 2594; x_wconf 90' lang='lat' dir='ltr'><strong>tu</strong></span> <span class='ocrx_word' id='word_1_183' title='bbox 509 2538 619 2612; x_wconf 82' lang='lat' dir='ltr'><strong>gellinae</strong></span> <span class='ocrx_word' id='word_1_184' title='bbox 634 2537 708 2593; x_wconf 89' lang='lat' dir='ltr'><strong>filius</strong></span> <span class='ocrx_word' id='word_1_185' title='bbox 722 2537 802 2608; x_wconf 82' lang='lat' dir='ltr'><strong>albae,</strong></span> 
     </span>
     <span class='ocr_line' id='line_1_31' title="bbox 180 2611 738 2687; baseline 0 -19"><span class='ocrx_word' id='word_1_186' title='bbox 180 2611 238 2669; x_wconf 91' lang='lat' dir='ltr'><strong>Nos</strong></span> <span class='ocrx_word' id='word_1_187' title='bbox 250 2613 316 2669; x_wconf 89' lang='lat' dir='ltr'><strong>viles</strong></span> <span class='ocrx_word' id='word_1_188' title='bbox 329 2613 398 2687; x_wconf 92' lang='lat' dir='ltr'><strong>pulli</strong></span> <span class='ocrx_word' id='word_1_189' title='bbox 412 2615 470 2671; x_wconf 85' lang='lat' dir='ltr'><strong>neti</strong></span> <span class='ocrx_word' id='word_1_190' title='bbox 484 2615 644 2671; x_wconf 87' lang='lat' dir='ltr'><strong>infelicibus</strong></span> <span class='ocrx_word' id='word_1_191' title='bbox 658 2614 738 2672; x_wconf 84' lang='lat' dir='ltr'><strong>ovisl</strong></span> 
     </span>
     <span class='ocr_line' id='line_1_32' title="bbox 176 2688 960 2764; baseline 0.004 -18"><span class='ocrx_word' id='word_1_192' title='bbox 176 2688 251 2746; x_wconf 86' lang='lat' dir='ltr'><strong>Rem</strong></span> <span class='ocrx_word' id='word_1_193' title='bbox 265 2690 369 2763; x_wconf 85' lang='lat' dir='ltr'><strong>pateris</strong></span> <span class='ocrx_word' id='word_1_194' title='bbox 383 2691 532 2761; x_wconf 89' lang='lat' dir='ltr'><strong>modicam,</strong></span> <span class='ocrx_word' id='word_1_195' title='bbox 544 2705 572 2747; x_wconf 90' lang='lat' dir='ltr'><strong>et</strong></span> <span class='ocrx_word' id='word_1_196' title='bbox 586 2691 722 2747; x_wconf 90' lang='lat' dir='ltr'><strong>mediocri</strong></span> <span class='ocrx_word' id='word_1_197' title='bbox 736 2690 791 2746; x_wconf 87' lang='lat' dir='ltr'><strong>bile</strong></span> <span class='ocrx_word' id='word_1_198' title='bbox 806 2690 960 2764; x_wconf 80' lang='lat' dir='ltr'><strong>ferendum,</strong></span> 
     </span>
     <span class='ocr_line' id='line_1_33' title="bbox 178 2764 882 2841; baseline 0.006 -20"><span class='ocrx_word' id='word_1_199' title='bbox 178 2764 209 2820; x_wconf 76' lang='lat' dir='ltr'><strong>Si</strong></span> <span class='ocrx_word' id='word_1_200' title='bbox 223 2765 319 2822; x_wconf 82' lang='lat' dir='ltr'><strong>flectas</strong></span> <span class='ocrx_word' id='word_1_201' title='bbox 332 2766 429 2822; x_wconf 92' lang='lat' dir='ltr'><strong>oculos</strong></span> <span class='ocrx_word' id='word_1_202' title='bbox 443 2767 548 2841; x_wconf 87' lang='lat' dir='ltr'><strong>majora</strong></span> <span class='ocrx_word' id='word_1_203' title='bbox 559 2768 593 2823; x_wconf 89' lang='lat' dir='ltr'><strong>ad</strong></span> <span class='ocrx_word' id='word_1_204' title='bbox 608 2767 735 2824; x_wconf 87' lang='lat' dir='ltr'><strong>crimina.</strong></span> <span class='ocrx_word' id='word_1_205' title='bbox 777 2767 882 2825; x_wconf 88' lang='lat' dir='ltr'><strong>Confer</strong></span> 
     </span>
     <span class='ocr_line' id='line_1_34' title="bbox 177 2839 918 2922; baseline 0.005 -24"><span class='ocrx_word' id='word_1_206' title='bbox 177 2839 358 2900; x_wconf 86' lang='lat' dir='ltr'><strong>Conductum</strong></span> <span class='ocrx_word' id='word_1_207' title='bbox 372 2843 519 2915; x_wconf 89' lang='lat' dir='ltr'><strong>latronem,</strong></span> <span class='ocrx_word' id='word_1_208' title='bbox 533 2844 666 2902; x_wconf 85' lang='lat' dir='ltr'><strong>incendis</strong></span> <span class='ocrx_word' id='word_1_209' title='bbox 677 2845 810 2920; x_wconf 87' lang='lat' dir='ltr'><strong>sulphure</strong></span> <span class='ocrx_word' id='word_1_210' title='bbox 824 2855 918 2922; x_wconf 86' lang='lat' dir='ltr'><strong>coepta</strong></span> 
     </span>
     <span class='ocr_line' id='line_1_35' title="bbox 177 2920 913 3000; baseline 0.008 -24"><span class='ocrx_word' id='word_1_211' title='bbox 177 2920 271 2995; x_wconf 84' lang='lat' dir='ltr'><strong>Atque</strong></span> <span class='ocrx_word' id='word_1_212' title='bbox 285 2920 360 2992; x_wconf 88' lang='lat' dir='ltr'><strong>dolo,</strong></span> <span class='ocrx_word' id='word_1_213' title='bbox 373 2920 478 3000; x_wconf 87' lang='lat' dir='ltr'><strong>primos</strong></span> <span class='ocrx_word' id='word_1_214' title='bbox 491 2941 579 2998; x_wconf 91' lang='lat' dir='ltr'><strong>quum</strong></span> <span class='ocrx_word' id='word_1_215' title='bbox 590 2923 679 2999; x_wconf 81' lang='lat' dir='ltr'><strong>janua</strong></span> <span class='ocrx_word' id='word_1_216' title='bbox 693 2923 800 2999; x_wconf 83' lang='lat' dir='ltr'><strong>colligit</strong></span> <span class='ocrx_word' id='word_1_217' title='bbox 814 2924 913 2999; x_wconf 86' lang='lat' dir='ltr'><strong>ignes;</strong></span> 
     </span>
     <span class='ocr_line' id='line_1_36' title="bbox 175 2998 930 3080; baseline 0.003 -24"><span class='ocrx_word' id='word_1_218' title='bbox 175 2998 324 3058; x_wconf 89' lang='lat' dir='ltr'><strong>Conferet</strong></span> <span class='ocrx_word' id='word_1_219' title='bbox 338 3001 398 3073; x_wconf 87' lang='lat' dir='ltr'><strong>hos,</strong></span> <span class='ocrx_word' id='word_1_220' title='bbox 413 3001 513 3058; x_wconf 89' lang='lat' dir='ltr'><strong>veteris</strong></span> <span class='ocrx_word' id='word_1_221' title='bbox 526 3003 573 3078; x_wconf 89' lang='lat' dir='ltr'><strong>qui</strong></span> <span class='ocrx_word' id='word_1_222' title='bbox 588 3003 688 3060; x_wconf 92' lang='lat' dir='ltr'><strong>tollunt</strong></span> <span class='ocrx_word' id='word_1_223' title='bbox 701 3003 820 3078; x_wconf 83' lang='lat' dir='ltr'><strong>grandia</strong></span> <span class='ocrx_word' id='word_1_224' title='bbox 834 3002 930 3080; x_wconf 92' lang='lat' dir='ltr'><strong>templi</strong></span> 
     </span>
     <span class='ocr_line' id='line_1_37' title="bbox 175 3076 833 3158; baseline 0 -24"><span class='ocrx_word' id='word_1_225' title='bbox 175 3076 284 3137; x_wconf 86' lang='lat' dir='ltr'><strong>Pocula</strong></span> <span class='ocrx_word' id='word_1_226' title='bbox 297 3080 447 3137; x_wconf 84' lang='lat' dir='ltr'><strong>adorendae</strong></span> <span class='ocrx_word' id='word_1_227' title='bbox 461 3082 610 3158; x_wconf 85' lang='lat' dir='ltr'><strong>rubiginis,</strong></span> <span class='ocrx_word' id='word_1_228' title='bbox 624 3092 652 3138; x_wconf 87' lang='lat' dir='ltr'><strong>et</strong></span> <span class='ocrx_word' id='word_1_229' title='bbox 665 3080 833 3157; x_wconf 89' lang='lat' dir='ltr'><strong>populorum</strong></span> 
     </span>
     <span class='ocr_line' id='line_1_38' title="bbox 175 3155 823 3233; baseline -0.003 -19"><span class='ocrx_word' id='word_1_230' title='bbox 175 3155 270 3228; x_wconf 87' lang='lat' dir='ltr'><strong>Dona,</strong></span> <span class='ocrx_word' id='word_1_231' title='bbox 284 3158 326 3214; x_wconf 88' lang='lat' dir='ltr'><strong>vel</strong></span> <span class='ocrx_word' id='word_1_232' title='bbox 342 3160 456 3233; x_wconf 90' lang='lat' dir='ltr'><strong>antiquo</strong></span> <span class='ocrx_word' id='word_1_233' title='bbox 469 3161 573 3232; x_wconf 87' lang='lat' dir='ltr'><strong>positas</strong></span> <span class='ocrx_word' id='word_1_234' title='bbox 588 3177 683 3233; x_wconf 79' lang='lat' dir='ltr'><strong>aroge</strong></span> <span class='ocrx_word' id='word_1_235' title='bbox 697 3175 823 3214; x_wconf 89' lang='lat' dir='ltr'><strong>coronas.</strong></span> 
     </span>
     <span class='ocr_line' id='line_1_39' title="bbox 147 3231 949 3311; baseline 0.002 -23"><span class='ocrx_word' id='word_1_236' title='bbox 147 3303 149 3310; x_wconf 33' lang='grc' dir='ltr'>Ι</span> <span class='ocrx_word' id='word_1_237' title='bbox 176 3231 250 3288; x_wconf 80' lang='lat' dir='ltr'><strong>Haec</strong></span> <span class='ocrx_word' id='word_1_238' title='bbox 263 3234 303 3289; x_wconf 92' lang='lat' dir='ltr'><strong>ibi</strong></span> <span class='ocrx_word' id='word_1_239' title='bbox 317 3235 341 3290; x_wconf 90' lang='lat' dir='ltr'><strong>si</strong></span> <span class='ocrx_word' id='word_1_240' title='bbox 355 3254 411 3291; x_wconf 94' lang='lat' dir='ltr'><strong>non</strong></span> <span class='ocrx_word' id='word_1_241' title='bbox 426 3244 500 3304; x_wconf 88' lang='lat' dir='ltr'><strong>sunt,</strong></span> <span class='ocrx_word' id='word_1_242' title='bbox 514 3236 606 3302; x_wconf 85' lang='lat' dir='ltr'><strong>minor</strong></span> <span class='ocrx_word' id='word_1_243' title='bbox 620 3244 710 3290; x_wconf 86' lang='lat' dir='ltr'><strong>exstat</strong></span> <span class='ocrx_word' id='word_1_244' title='bbox 723 3231 886 3311; x_wconf 87' lang='lat' dir='ltr'><strong>sacrilegus,</strong></span> <span class='ocrx_word' id='word_1_245' title='bbox 900 3233 949 3309; x_wconf 89' lang='lat' dir='ltr'><strong>qui</strong></span> 
     </span>
     <span class='ocr_line' id='line_1_40' title="bbox 175 3308 929 3386; baseline 0.004 -20"><span class='ocrx_word' id='word_1_246' title='bbox 175 3308 272 3366; x_wconf 87' lang='lat' dir='ltr'><strong>Radat</strong></span> <span class='ocrx_word' id='word_1_247' title='bbox 287 3310 406 3367; x_wconf 77' lang='lat' dir='ltr'><strong>inaurati</strong></span> <span class='ocrx_word' id='word_1_248' title='bbox 421 3309 511 3365; x_wconf 91' lang='lat' dir='ltr'><strong>femur</strong></span> <span class='ocrx_word' id='word_1_249' title='bbox 525 3309 668 3380; x_wconf 86' lang='lat' dir='ltr'><strong>Herculis,</strong></span> <span class='ocrx_word' id='word_1_250' title='bbox 682 3321 710 3366; x_wconf 90' lang='lat' dir='ltr'><strong>et</strong></span> <span class='ocrx_word' id='word_1_251' title='bbox 724 3310 825 3368; x_wconf 87' lang='lat' dir='ltr'><strong>faciem</strong></span> <span class='ocrx_word' id='word_1_252' title='bbox 840 3313 929 3386; x_wconf 81' lang='lat' dir='ltr'><strong>ipsam</strong></span> 
     </span>
     <span class='ocr_line' id='line_1_41' title="bbox 174 3384 860 3462; baseline 0 -17"><span class='ocrx_word' id='word_1_253' title='bbox 174 3384 303 3462; x_wconf 89' lang='lat' dir='ltr'><strong>Neptuni</strong></span> <span class='ocrx_word' id='word_1_254' title='bbox 311 3405 318 3454; x_wconf 90' lang='lat'>;</span> <span class='ocrx_word' id='word_1_255' title='bbox 340 3385 388 3460; x_wconf 90' lang='lat' dir='ltr'><strong>qui</strong></span> <span class='ocrx_word' id='word_1_256' title='bbox 402 3385 578 3442; x_wconf 84' lang='lat' dir='ltr'><strong>bracteolem</strong></span> <span class='ocrx_word' id='word_1_257' title='bbox 587 3386 622 3442; x_wconf 91' lang='lat' dir='ltr'><strong>de</strong></span> <span class='ocrx_word' id='word_1_258' title='bbox 637 3387 753 3446; x_wconf 82' lang='lat' dir='ltr'><strong>Castore</strong></span> <span class='ocrx_word' id='word_1_259' title='bbox 767 3391 860 3446; x_wconf 90' lang='lat' dir='ltr'><strong>ducat.</strong></span> 
     </span>
     <span class='ocr_line' id='line_1_42' title="bbox 175 3463 907 3535; baseline 0 -11"><span class='ocrx_word' id='word_1_260' title='bbox 175 3467 225 3524; x_wconf 82' lang='lat' dir='ltr'><strong>An</strong></span> <span class='ocrx_word' id='word_1_261' title='bbox 239 3464 357 3535; x_wconf 89' lang='lat' dir='ltr'><strong>dubitet,</strong></span> <span class='ocrx_word' id='word_1_262' title='bbox 371 3463 468 3528; x_wconf 90' lang='lat' dir='ltr'><strong>solitus</strong></span> <span class='ocrx_word' id='word_1_263' title='bbox 481 3474 570 3522; x_wconf 93' lang='lat' dir='ltr'><strong>totum</strong></span> <span class='ocrx_word' id='word_1_264' title='bbox 586 3463 709 3522; x_wconf 90' lang='lat' dir='ltr'><strong>conflare</strong></span> <span class='ocrx_word' id='word_1_265' title='bbox 723 3465 907 3525; x_wconf 89' lang='lat' dir='ltr'><strong>Tonanteml</strong></span> 
     </span>
     <span class='ocr_line' id='line_1_43' title="bbox 175 3542 842 3619; baseline 0 -17"><span class='ocrx_word' id='word_1_266' title='bbox 175 3542 323 3602; x_wconf 89' lang='lat' dir='ltr'><strong>Conferet</strong></span> <span class='ocrx_word' id='word_1_267' title='bbox 337 3543 466 3616; x_wconf 86' lang='lat' dir='ltr'><strong>artifices,</strong></span> <span class='ocrx_word' id='word_1_268' title='bbox 477 3554 716 3617; x_wconf 87' lang='lat' dir='ltr'><strong>mercatoremque</strong></span> <span class='ocrx_word' id='word_1_269' title='bbox 730 3546 842 3619; x_wconf 90' lang='lat' dir='ltr'><strong>veneni,</strong></span> 
     </span>
     <span class='ocr_line' id='line_1_44' title="bbox 176 3617 902 3702; baseline 0.012 -28"><span class='ocrx_word' id='word_1_270' title='bbox 176 3617 214 3675; x_wconf 88' lang='lat' dir='ltr'><strong>Et</strong></span> <span class='ocrx_word' id='word_1_271' title='bbox 227 3620 426 3679; x_wconf 88' lang='lat' dir='ltr'><strong>deducendum</strong></span> <span class='ocrx_word' id='word_1_272' title='bbox 440 3623 516 3679; x_wconf 90' lang='lat' dir='ltr'><strong>corio</strong></span> <span class='ocrx_word' id='word_1_273' title='bbox 530 3622 608 3680; x_wconf 88' lang='lat' dir='ltr'><strong>bovis</strong></span> <span class='ocrx_word' id='word_1_274' title='bbox 622 3622 652 3680; x_wconf 89' lang='lat' dir='ltr'><strong>in</strong></span> <span class='ocrx_word' id='word_1_275' title='bbox 667 3639 753 3693; x_wconf 85' lang='lat' dir='ltr'><strong>mare,</strong></span> <span class='ocrx_word' id='word_1_276' title='bbox 767 3641 834 3682; x_wconf 85' lang='lat' dir='ltr'><strong>cum</strong></span> <span class='ocrx_word' id='word_1_277' title='bbox 846 3643 902 3702; x_wconf 85' lang='lat' dir='ltr'><strong>quo</strong></span> 
     </span>
     <span class='ocr_line' id='line_1_45' title="bbox 176 3693 863 3768; baseline 0.006 -14"><span class='ocrx_word' id='word_1_278' title='bbox 176 3693 324 3758; x_wconf 87' lang='lat' dir='ltr'><strong>Clauditur</strong></span> <span class='ocrx_word' id='word_1_279' title='bbox 337 3699 461 3758; x_wconf 83' lang='lat' dir='ltr'><strong>adversis</strong></span> <span class='ocrx_word' id='word_1_280' title='bbox 473 3699 591 3764; x_wconf 75' lang='lat' dir='ltr'><strong>innoxia</strong></span> <span class='ocrx_word' id='word_1_281' title='bbox 603 3698 685 3768; x_wconf 74' lang='lat' dir='ltr'><strong>sinric</strong></span> <span class='ocrx_word' id='word_1_282' title='bbox 698 3699 770 3768; x_wconf 72' lang='lat' dir='ltr'><strong>fatis.</strong></span> <span class='ocrx_word' id='word_1_283' title='bbox 859 3703 863 3711; x_wconf 88' lang='lat'>&#39;</span> 
     </span>
    </p>
   </div>
   <div class='ocr_carea' id='block_1_3' title="bbox 0 0 1256 4274">
    <p class='ocr_par' dir='ltr' id='par_1_4' title="bbox 0 0 1256 4274">
     <span class='ocr_line' id='line_1_46' title="bbox 0 0 1256 4274; baseline 0 0"><span class='ocrx_word' id='word_1_284' title='bbox 0 0 1256 4274; x_wconf 95' lang='lat' dir='ltr'><strong> </strong></span> 
     </span>
    </p>
   </div>
  </div>
 </body>
</html>
