2494 4274
172 269 213 332 ᾗ
485 267 518 318 D.
536 269 633 320 JUNII
650 269 847 320 JUVENALIS

175 413 333 472 Saltantem
347 423 468 489 spectes,
482 421 511 472 et
524 413 741 471 chironomonta
754 413 859 471 volanti

174 493 308 564 cultello,
323 494 415 550 donec
429 505 545 568 peragat
559 494 665 550 dictata
679 492 806 567 magistri

173 572 300 630 Omnia:
322 591 377 629 nec
391 571 510 631 minimo
522 571 594 630 sane
609 572 774 628 discrimine
789 569 883 643 refert,

174 649 244 711 Quo
258 661 340 727 gestu
354 651 473 726 lepores,
487 662 585 726 etque
598 651 705 727 galline
719 661 838 706 secetur.

175 728 297 787 Duceris
310 730 417 805 planta,
431 730 508 788 velut
526 731 600 788 ictus
614 730 650 787 ab
664 727 791 785 Hercule
805 728 911 802 Cacus,
1108 731 1166 789 125

175 807 212 867 Et
226 805 424 884 pondresoris,
435 807 460 866 si
473 810 541 883 quid
555 807 708 866 tentaveris
722 826 846 882 unquam

176 886 307 958 Hiscere,
321 897 456 962 tanquam
471 887 577 944 habeas
591 887 644 971 tria
658 886 782 943 nomina.
822 885 952 946 Quando
965 885 1098 963 propinat

175 965 259 1022 Virro
272 965 334 1037 tibi,
348 965 489 1039 sumitque
503 965 560 1022 tuis
573 976 705 1022 contacta
718 963 828 1022 labellis

175 1043 304 1102 Poculal
325 1044 388 1117 quis
401 1043 526 1101 restrirm
540 1045 706 1102 temerarius
720 1062 809 1117 usque
825 1039 907 1115 aded,
921 1044 984 1117 quis

175 1121 316 1194 Perditue,
331 1132 362 1180 ut
376 1122 453 1181 dicat
466 1124 537 1199 regi,
552 1123 644 1180 Bibel
685 1122 811 1179 Plurima
824 1133 900 1193 sunt,
914 1139 977 1198 quae
1107 1124 1165 1181 13⁰

175 1201 242 1258 Non
258 1203 365 1259 audent
379 1202 509 1260 homines
522 1201 637 1278 pertusi
652 1201 748 1258 dicere
763 1201 845 1257 laend.
861 1209 886 1270 ·†

214 1278 438 1356 Quadringenta
450 1279 502 1338 tibi
516 1281 540 1337 si
559 1281 622 1354 quis
637 1281 717 1350 deus,
732 1291 780 1336 aut
794 1279 894 1335 similis
908 1277 963 1351 dis,

175 1357 213 1416 Et
227 1359 327 1428 melior
340 1359 404 1417 latis
418 1360 555 1429 donaret;
578 1359 742 1430 homuncio,
756 1369 879 1432 quantus

175 1437 220 1494 Ex
234 1437 324 1495 nihilo
338 1439 429 1510 lieres,
440 1450 563 1513 quantus
576 1437 706 1496 Virronis
717 1437 845 1494 amicus!

175 1516 222 1574 Da
236 1516 362 1576 Trebio:
383 1537 456 1593 pone
471 1518 507 1576 ad
521 1517 678 1575 Trebiuml
719 1516 782 1587 Vis,
797 1516 891 1586 frater,
906 1515 941 1572 ab
955 1514 1024 1590 ipsis
1107 1517 1163 1576 135

175 1595 285 1653 Ilibusl
325 1596 353 1653 O
367 1597 488 1666 nummi,
502 1596 581 1653 vobis
596 1597 673 1651 hunc
687 1605 801 1670 praestat
816 1595 963 1666 honorem,

175 1674 234 1731 Vos
248 1674 316 1730 estis
329 1675 437 1730 fratres.
479 1673 621 1730 Dominus
634 1685 729 1730 tamen
743 1684 772 1730 et
786 1673 893 1729 domini
906 1693 957 1731 rex

176 1754 207 1810 Si
223 1752 263 1808 vis
277 1765 307 1809 tu
322 1752 393 1826 lieri,
407 1751 503 1808 nullus
516 1751 568 1808 tibi
582 1750 714 1826 parvulus
728 1751 794 1808 aulai

175 1831 288 1888 Luserit
302 1830 420 1901 AEneas‚
435 1849 490 1888 uec
503 1830 686 1887 filia-dulcior
700 1829 757 1888 illo.

174 1909 193 1966 J
197 1910 342 1966 ucundum
356 1919 385 1966 et
398 1927 496 1966 carum
512 1909 613 1966 sterilis
628 1909 696 1966 lacit
709 1928 778 1967 uxor
793 1909 925 1968 amicum.

176 1990 234 2046 Sed
249 2001 298 2046 tua
311 2006 389 2046 nunc
404 1987 519 2064 Mycale
532 1988 624 2065 pariat
637 1989 713 2060 licet,
728 2000 757 2046 et
770 2007 872 2064 pueros
886 2001 943 2047 tres

174 2067 210 2124 In
224 2067 364 2142 gremium
378 2067 465 2142 patris
480 2068 580 2124 fundat
594 2067 677 2124 simul
691 2087 696 2124 :
718 2068 778 2143 ipse
792 2067 904 2142 loquaci

174 2146 317 2203 Gaudebit
331 2145 415 2216 nid0;
437 2146 556 2203 viridem
569 2147 685 2204 thoraca
696 2146 807 2222 jubebit

174 2224 290 2296 Afferri,
305 2224 493 2300 minimasque
507 2244 606 2296 nuces,
621 2244 770 2300 assemque
784 2235 923 2300 rogatum,

174 2303 221 2360 Ad
237 2323 363 2360 mensam
378 2305 487 2376 quoties
501 2303 639 2378 parasitus
653 2304 761 2361 venerit
775 2303 877 2361 infans.

213 2382 326 2439 Vilibus
338 2382 477 2458 ancipites
491 2383 571 2460 fungi
585 2395 726 2458 ponentur
740 2382 849 2454 amicis,

173 2461 290 2519 Boletus
304 2462 436 2531 domin0;
458 2463 508 2519 sed
522 2463 634 2537 qualem
652 2462 792 2520 Claudius
805 2463 864 2521 edit

173 2542 251 2598 Ante
263 2541 342 2597 illum
358 2542 461 2613 uxoris,
475 2553 538 2618 post
551 2561 637 2616 quem
650 2541 691 2599 nil
706 2540 827 2616 amplids
840 2541 908 2599 edit.

212 2619 296 2677 Virro
310 2620 362 2676 sibi
377 2632 406 2677 et
418 2621 533 2695 reliquis
546 2620 716 2678 Virronibus
730 2621 778 2676 illa
789 2621 899 2694 jubebit

173 2695 261 2754 Poma
276 2697 346 2769 dari,
360 2717 479 2772 quorum
493 2699 553 2756 solo
566 2697 691 2775 pascaris
704 2701 806 2766 odore;

172 2775 281 2834 Qualia
294 2787 446 2850 perpetuus
460 2775 782 2862 Phaeacumputumnus
796 2776 928 2850 habebat,

173 2853 297 2910 Credere
311 2873 373 2928 quae
389 2854 478 2930 possis
492 2856 625 2931 subrepta
639 2855 780 2913 sororibus
794 2856 881 2912 Afris.
981 2866 1008 2922 p

173 2931 222 2988 Tu
237 2933 332 2990 scabie
347 2933 448 2990 frueris
462 2933 540 3006 mali,
554 2936 629 3009 quod
644 2925 673 2991 in
688 2954 791 3010 aggere
805 2933 888 3008 rodit,
914 2909 1016 2990 {ihil
1035 2983 1057 2992 .,
1102 2973 1103 2978 1

171 3010 235 3070 Qui
248 3013 353 3086 tegitur
367 3013 465 3088 parmi
479 3025 508 3071 et
521 3014 614 3089 galee,
628 3002 933 3091 metuensquella'gelli
1003 3044 1005 3048 ·

172 3089 265 3148 Discit
281 3093 316 3148 ab
330 3092 438 3150 hirsuti
449 3093 576 3169 jaculum
591 3104 721 3168 torquere
735 3093 852 3169 capella.

154 3213 156 3218 .
212 3169 341 3229 Forsitan
356 3171 492 3246 impensae
506 3173 658 3231 Virronem
672 3193 788 3248 parcere
803 3174 911 3231 credas.

172 3249 238 3304 Hoc
253 3249 320 3321 agit,
335 3260 366 3305 ut
380 3250 492 3304 doleas:
513 3269 579 3305 nam
593 3269 656 3322 quae
672 3251 822 3318 comoedia,
837 3251 941 3305 mimus

172 3324 249 3384 Quis
264 3325 362 3381 melior
376 3325 505 3398 plorante
520 3325 608 3398 gulal
650 3325 727 3398 Ergd
741 3326 838 3382 omnia
851 3327 933 3397 fiunt,

174 3402 205 3460 Si
220 3403 324 3473 nescis,
340 3413 370 3458 ut
385 3420 433 3475 per
447 3401 587 3474 lacrymas
601 3402 747 3458 effundere
762 3402 847 3459 bilem

173 3482 301 3556 Cogeris,
317 3497 468 3555 pressoque
482 3479 533 3538 diu
548 3482 666 3538 stridere
680 3481 789 3538 molari.

160 3559 222 3642 (Tu
236 3559 287 3616 tibi
298 3559 368 3617 liber
384 3560 468 3616 homo
483 3571 512 3617 et
524 3561 600 3638 regis
613 3560 731 3618 conviva
745 3559 867 3619 videris:

173 3639 296 3712 Captum
311 3650 338 3696 te
353 3637 452 3696 nidore
466 3658 524 3696 suae
537 3646 618 3716 pulat
632 3639 679 3697 ille
693 3639 797 3697 culinae
811 3659 817 3696 :

173 3715 239 3774 Nec
254 3715 327 3774 rnale
344 3717 493 3792 conjectat.
534 3718 611 3780 Quis
625 3720 702 3777 enim
716 3731 774 3777 tam
787 3720 892 3792 nudus,
906 3721 1031 3781 utillum

173 3793 223 3854 Bis
236 3793 315 3867 ferat,
332 3794 484 3854 Etruscum
498 3816 587 3874 puero
600 3799 624 3856 si
639 3799 759 3877 contigit
772 3818 871 3858 aurum

772 3947 776 3959 ι

649 3984 662 4014 'l
700 4013 705 4023 ,
887 4010 890 4019 ,

682 3998 690 4051 l
753 4024 817 4058 δι’,
872 4024 904 4046 tr¹
