2494 4274
166 251 207 314 88
478 247 512 298 n.
530 247 627 298 Juuu
644 247 841 298 ruvnuaars

166 387 332 467 Componis,
346 389 421 448 dona
434 389 566 462 Veneris,
577 389 748 462 Thelesine,
764 390 880 459 marito;

167 471 229 527 Aut
242 469 355 542 claude,
367 481 396 526 et
409 469 514 544 positos
528 470 606 528 tinea
619 470 759 544 pertunde
773 469 891 527 libellos.

167 545 208 605 Fr
296 547 382 604 miser
395 547 529 620 calamos,
543 548 712 624 vigilataque
726 547 824 624 proelia
837 547 912 621 dele,

166 565 314 688 Officia
326 625 357 684 in
370 627 455 702 parad
470 627 601 686 sublimia
615 627 742 684 carmina
756 625 840 698 celii,

167 703 207 762 Ut
220 705 324 780 dignus
338 721 436 762 ventas
450 706 571 777 hederis,
585 717 614 762 et
629 705 752 780 imagine
767 702 872 762 macri.

169 782 242 858 Spes
255 781 333 839 nulla
347 781 479 840 ulterior:
500 784 601 841 didicit
612 783 671 857 jam
685 782 764 839 dives
779 801 879 840 avarus

168 857 298 917 Tantum
311 859 453 931 admirari,
462 859 573 918 tantiun
587 861 702 917 laudare
712 860 841 932 disertos,

168 936 208 994 Ut
221 937 301 1013 pueri
315 936 440 994 Junonis
453 957 542 995 avem.
585 938 643 994 Sed
657 937 757 995 defluit
771 949 840 996 artas

169 1015 208 1073 Et
220 1014 314 1092 pelagi
327 1015 448 1091 patiens,
462 1029 491 1074 et
505 1016 634 1087 cassidis,
650 1028 732 1090 atque
746 1017 857 1092 ligonis.

169 1093 274 1150 Taedia
286 1103 356 1151 tunc
370 1094 495 1153 subeunt
509 1095 629 1167 animos,
642 1107 712 1153 tunc
723 1113 809 1170 seque
823 1112 961 1172 suamque

170 1171 381 1248 Terpsichoren
394 1172 454 1230 odit
468 1173 591 1231 secunda
603 1185 632 1231 et
646 1175 723 1230 nude
737 1185 877 1232 senectus.

210 1250 322 1326 Accipe
335 1269 413 1307 nunc
428 1262 510 1323 artes,
525 1271 562 1309 ne
576 1253 643 1327 quid
657 1251 708 1310 tibi
722 1253 849 1310 conferat
863 1252 926 1325 iste,

170 1328 269 1389 Quem
283 1328 362 1400 colis,
376 1340 405 1386 et
419 1328 566 1387 Musarum
581 1341 610 1388 et
624 1330 766 1406 Apollinis
780 1331 841 1388 ede
853 1331 962 1389 relicti.

171 1406 237 1483 lpse
251 1407 319 1466 facit
331 1426 437 1480 versus,
452 1421 534 1485 atque
548 1410 598 1466 uni
612 1410 689 1466 cedit
702 1409 829 1467 Homero

171 1485 288 1562 Propter
301 1486 377 1544 mille
391 1507 499 1558 ennos;
521 1499 579 1560 aut,
593 1488 617 1546 si
631 1487 783 1546 dulcedine
798 1488 880 1545 lhmae

172 1564 338 1622 Succensus
351 1567 462 1639 recites,
476 1568 634 1624 maculosas
647 1567 807 1624 commodet
821 1567 905 1623 aedes.

172 1641 246 1699 Haec
260 1641 344 1718 longe
360 1643 461 1701 serrata
474 1645 575 1701 domus
588 1645 692 1701 servire
702 1644 827 1719 jubetur,

172 1719 208 1776 ln
222 1720 278 1794 qud
290 1720 427 1792 Q}
437 1723 561 1779 imitatur
572 1722 659 1798 janua
672 1733 773 1798 portas.
796 1720 822 1778 [ἡ

173 1797 235 1854 Scit
248 1798 315 1855 dare
328 1798 442 1856 libertos
456 1802 581 1857 extremit
595 1801 624 1858 in
639 1811 717 1876 parte
730 1802 862 1860 sedentes

171 1874 299 1946 Ordinis,
313 1886 342 1933 et
355 1894 472 1952 magnas
486 1879 620 1936 comitum
634 1880 783 1954 disponere
797 1898 888 1938 voces.

171 1951 267 2011 Nemo
279 1954 358 2013 dabit
368 1974 476 2031 regum,
490 1959 587 2030 quanti
601 1959 732 2015 subsellia
747 1969 887 2032 constent,

171 2031 210 2089 Et
223 2050 285 2108 quaa
298 2034 441 2092 conducto
454 2037 580 2110 pendent
593 2037 747 2094 anabathra
760 2038 859 2113 tigillo,
943 2097 952 2106 ,

170 2109 302 2184 Quaeque
316 2113 491 2185 reportandis
504 2115 593 2188 posita
606 2126 649 2171 est
667 2117 811 2174 orchestra
825 2114 975 2173 cathedris.

171 2186 233 2244 Nos
246 2198 341 2245 tamen
356 2190 410 2246 hoc
424 2191 543 2265 agimus,
558 2193 692 2266 tenuique
706 2195 735 2250 in
750 2195 863 2269 pulvere
883 2193 977 2252 sulcos

170 2263 321 2336 Ducimus,
335 2278 364 2323 et
377 2267 454 2324 littus
468 2269 555 2327 sterili
571 2289 712 2328 versamus
727 2283 826 2330 aratro.

170 2342 247 2400 Nam
261 2345 284 2401 si
296 2345 434 2416 discedas,
448 2347 548 2421 laqueo
562 2359 639 2406 tenet
653 2350 792 2408 ambitiosi

170 2421 356 2480 Consuetudo
370 2425 452 2482 mali:
473 2437 551 2483 tenet
566 2427 723 2486 insanabile
737 2429 840 2487 multos

171 2500 321 2558 Scribendi
335 2505 497 2576 cacoethes,
511 2515 540 2561 et
554 2523 629 2581 aegro
642 2508 671 2564 in
687 2508 773 2564 corde
786 2503 917 2565 senescit.

170 2578 229 2635 Sed
244 2591 335 2636 vatem
349 2582 505 2656 egregium,
520 2584 568 2639 cui
582 2604 639 2642 non
654 2586 690 2641 sit
703 2585 817 2660 publica
831 2604 914 2657 vena,

168 2656 232 2716 Qui
246 2656 317 2713 nihil
330 2659 487 2732 expositum
502 2660 589 2716 soleat
603 2663 754 2732 deducere,
768 2681 823 2719 nec
836 2664 885 2738 qui

169 2733 324 2791 Communi
339 2733 419 2791 feriat
432 2753 547 2792 carmen
562 2738 670 2794 triviale
686 2741 808 2812 monetti,
833 2758 865 2794 sc
878 2765 908 2800 en
924 2741 933 2778 ¹¹
949 2773 976 2808 a:

169 2809 269 2881 Hunc,
283 2797 520 2886 quale't‘n'nequeo
534 2827 700 2886 monstrare,
715 2826 743 2874 et
757 2819 848 2876 sentin
861 2817 984 2894 tantiam,
1019 2807 1026 2826 ⁵

170 2889 324 2946 Anxietate
337 2908 438 2947 carens
451 2891 563 2948 animus
578 2893 655 2965 facit,
669 2895 761 2951 omnis
775 2898 869 2955 acerbi

137 2947 156 2978 '
169 2964 335 3042 Impatiens,
349 2968 471 3044 cupidus
485 2969 626 3043 silvarum,
642 2983 779 3048 aptusque
794 2974 924 3033 bibendis
958 2929 983 3003 Ι
994 2964 1092 3010 ΜΨ

168 3041 309 3104 Fontibus
322 3047 478 3106 Aonidum.
519 3048 621 3125 Neque
636 3052 712 3108 enim
727 3062 841 3110 cantare
856 3055 909 3110 sub
922 3065 1005 3112 antro

167 3121 271 3197 Pierio,
285 3126 446 3200 thyrsumve
459 3139 550 3203 potest
564 3131 729 3206 contingere
743 3151 813 3188 sana

168 3202 324 3278 Paupertas
338 3217 421 3278 atque
437 3208 499 3264 aeris
513 3207 604 3282 inops,
612 3217 674 3280 'quo
686 3221 770 3266 nocte
785 3209 887 3280 dieque

167 3279 280 3352 Corpus
293 3292 374 3354 eget:
396 3292 538 3352 stiffi,
552 3301 639 3354 quum
654 3284 724 3340 dicit
746 3285 890 3352 Horatius,
905 3281 1006 3340 Euoel

166 3353 245 3416 Quis
258 3354 338 3412 locus
352 3356 477 3430 ingenio,
489 3357 543 3412 nisi
557 3376 645 3431 quum
660 3377 690 3414 se
702 3360 827 3415 carmine
842 3359 902 3416 solo
1031 3409 1035 3423 ,

167 3433 291 3505 Vexent,
305 3442 335 3490 et
347 3433 470 3490 dominis
483 3433 593 3490 Cirrha
607 3435 637 3490 N
639 3453 751 3509 ysaeque
770 3435 900 3520 Qatur
942 3462 959 3493 ιι
978 3449 983 3464 ’
1050 3467 1057 3482 ,
1079 3433 1087 3466 '¹

167 3511 287 3575 Pectora
300 3521 404 3582 nostra,
418 3510 489 3568 duas
503 3529 560 3568 non
574 3513 750 3571 admittentia
763 3516 869 3572 curas‘l
989 3517 993 3524 '

167 3589 284 3664 Magna
297 3588 401 3647 mentis
414 3607 495 3666 opus,
509 3608 564 3648 nec
579 3591 616 3648 de
629 3591 721 3649 lcdice
734 3594 862 3669 paranda

167 3666 317 3738 Attonitae,
331 3684 443 3739 currus,
457 3679 486 3727 et
499 3687 597 3744 equos,
612 3670 755 3746 faciesque
769 3673 887 3730 deorum

167 3741 336 3820 Atlspicere¹
349 3755 379 3811 et
390 3745 482 3830 qualis
496 3746 638 3817 Rutulum
652 3750 808 3821 confundat
821 3749 956 3830 Erinnys.
