2494 4274
474 285 599 335 SATIRA
615 285 678 335 ΧΠ.

82 429 139 486 Sed
152 426 222 486 vitio
237 426 307 485 ceci
319 436 433 503 propter
446 427 615 501 patrimonia
628 427 733 484 rirunt.

82 505 212 563 lactatur
227 524 321 562 rerum
336 504 448 561 utilium
462 523 526 579 pars
540 505 678 563 maxima:
699 505 820 565 seduco

82 581 197 640 Damna
210 584 313 640 lerant.
354 581 452 654 Tunc,
467 583 591 639 adversis
603 583 780 658 urgentibus,
795 579 865 643 illito

82 661 211 732 Recidit,
226 671 256 718 ut
269 660 375 717 malum
389 659 462 718 ferro
476 660 663 731 submitteret,
677 679 712 718 ac
725 679 756 718 se

82 739 214 815 Explicat
227 750 387 814 angustum.
428 737 611 794 Discriminis
625 737 724 796 ultima
736 739 850 815 quaudo

82 816 221 873 Presidio
234 815 386 886 afferimus,
401 834 502 873 navem
517 815 628 872 factura
642 817 789 874 minorem.

81 894 96 949 l
111 913 201 965 nuuc,
217 904 246 950 et
260 894 349 951 ventis
363 893 486 951 animam
500 893 655 965 committe,
670 894 765 952 doltto

80 971 218 1029 Confisus
232 971 320 1046 ligno,
336 972 431 1047 digitis
446 983 565 1030 amorte
579 983 703 1029 remotus

79 1049 225 1120 Quatuor,
240 1059 289 1105 aut
302 1061 419 1124 septem,
433 1048 457 1106 si
471 1048 507 1105 sit
520 1048 655 1106 latissima
668 1049 758 1108 mdo!

80 1126 151 1184 Mox
166 1145 233 1184 cum
247 1127 381 1198 reticulis,
396 1137 425 1183 et
437 1145 520 1202 pana,
535 1138 564 1184 ct
578 1137 675 1184 renos
688 1127 808 1204 lugente,

80 1206 209 1280 Adspice
224 1206 375 1262 sumendas
389 1205 419 1262 in
433 1215 599 1280 tempestato
612 1223 736 1263 secures.

79 1283 140 1340 Sed
154 1293 301 1356 postquam
312 1282 402 1357 jacuit
414 1282 531 1357 planum
545 1301 632 1353 mare,
646 1293 704 1340 tem
741 1301 773 1342 ra
784 1293 933 1362 postqum

79 1361 222 1434 Prospera
233 1361 360 1430 rectoris,
373 1361 516 1433 satumque
529 1360 669 1416 valentius
683 1301 761 1418 laboro

80 1438 120 1495 Et
133 1438 243 1513 pelago,
257 1449 404 1512 postquam
418 1436 515 1494 Parca
529 1437 646 1494 meliora
660 1437 785 1513 benignt

79 1516 175 1573 Penes
189 1534 275 1572 manu
289 1517 398 1573 ducunt
412 1514 523 1586 hilares,
538 1524 566 1571 et
580 1514 709 1572 staminis
723 1515 780 1573 albi

79 1593 228 1665 Lanificae,
242 1593 355 1650 modat
365 1611 420 1650 nec
433 1589 553 1650 multbm
569 1593 664 1651 sortior
677 1592 747 1650 aurs

79 1672 193 1728 Ventus
207 1671 305 1728 adem:
326 1671 403 1746 inopi
417 1672 584 1728 miserabilis
597 1683 657 1729 arte
670 1671 797 1732 cucurrit
848 1689 863 1724 t

79 1749 217 1806 Vestibus
230 1749 361 1820 extentis,
375 1761 413 1820 et,
427 1750 501 1824 quod
515 1760 695 1825 superaverat
707 1767 807 1824 unum,

78 1828 152 1887 Velo
167 1846 249 1904 prora
262 1845 321 1884 suo.
361 1826 427 1884 lam
441 1827 639 1886 deficientibus
652 1829 776 1901 Austris,

78 1905 153 1980 Spes
167 1905 231 1964 rita
244 1923 310 1962 curn
324 1905 381 1962 sole
396 1906 484 1962 redit:
505 1916 565 1962 turn
578 1918 674 1982 gratus
687 1906 761 1978 Iulo,

77 1983 176 2057 Atque
191 1983 332 2040 novercali
346 1983 428 2039 sedes
440 1983 555 2058 prelata
567 1983 684 2054 Lavino,

77 2061 262 2135 Conspicitur
276 2060 403 2118 sublimis
417 2077 498 2135 apex,
512 2061 559 2117 cui
573 2061 695 2118 candida
708 2076 813 2118 noman

77 2138 181 2196 Scrofa
194 2138 281 2210 dedit,
295 2137 367 2195 laetis
380 2137 539 2214 Phrygibus
553 2139 681 2196 mirabile
694 2157 806 2210 sumen,

77 2217 118 2273 Et
130 2234 276 2290 nunquam
289 2217 356 2273 visis
369 2216 484 2291 triginta
497 2217 574 2274 clara
586 2217 727 2275 mamillis.

78 2293 215 2350 Tandem
229 2295 314 2351 intrat
325 2293 430 2370 positas
443 2293 553 2352 inclusa
566 2315 615 2372 per
629 2313 741 2370 equora
752 2293 852 2364 rooles,

78 2371 316 2447 Tyrrhenamque
330 2371 452 2444 Pharon,
467 2384 649 2448 porrectaque
664 2373 778 2428 brachia
790 2386 913 2443 rursm,

75 2449 156 2510 Quae
170 2449 271 2526 pelago
283 2461 437 2507 occurrunt
450 2451 554 2520 medio,
567 2448 708 2524 longeque
721 2448 886 2521 relinquunt

77 2526 202 2584 Italion.
243 2525 311 2584 Non
325 2528 366 2585 sic
380 2527 467 2604 igitur
479 2529 617 2586 mirabere
629 2535 734 2600 portus,

76 2605 163 2666 eros
177 2614 276 2661 natura
289 2606 375 2662 dedit.
417 2606 476 2664 Sed
489 2605 591 2664 ouncd
604 2619 697 2679 puppe
711 2600 846 2678 magister

78 2681 219 2739 Interiora
232 2683 301 2758 petit
314 2683 429 2740 Baianae
441 2685 537 2760 pervia
550 2681 657 2755 cymba·

9 2771 10 2778 ’
78 2759 151 2816 'l'uti
164 2773 265 2836 stagna
280 2761 366 2818 sinus.
407 2763 540 2819 Gaudent
554 2759 593 2816 ibi
607 2761 711 2818 vertice
722 2777 786 2818 raso

77 2838 202 2894 Garrula
215 2839 307 2896 securi
321 2858 434 2897 narrare
447 2837 572 2916 pericula
585 2849 687 2897 nautae.

77 2914 124 2972 Ite
139 2915 233 2990 igitur,
247 2917 336 2992 pueri,
349 2917 454 2994 linguis
467 2915 622 2988 animisque
637 2914 772 2988 sarantes,

79 2994 218 3067 Sertaque
232 2993 357 3050 delubris
371 3006 399 3050 et
413 2994 485 3049 sarra
498 2991 633 3065 imponite
646 2993 753 3062 cultris,

64 3089 65 3092 ’
78 3071 128 3128 Ac
142 3071 240 3128 molles
252 3083 351 3128 emate
365 3071 442 3125 focos
454 3067 621 3142 glebamque
632 3068 786 3124 virentem:

79 3147 98 3204 J
100 3166 145 3204 arn
160 3166 271 3224 sequar,
285 3157 316 3204 et
327 3163 416 3215 sacro,
429 3143 504 3218 quod
517 3153 639 3216 praesm,
654 3140 708 3199 ritti
722 3151 846 3218 perroto,

79 3223 155 3282 tude
168 3226 284 3284 domum
297 3233 431 3298 repetam,
445 3219 565 3295 graciles
579 3219 627 3277 ubi
640 3237 727 3297 parra
739 3237 859 3279 coronas

82 3302 238 3378 Accipiunt
251 3301 342 3378 fragili
356 3299 508 3357 simulacra
521 3297 640 3357 nitentia
652 3298 727 3357 cers.

80 3379 141 3437 Hic
154 3392 280 3438 nostrum
293 3380 410 3456 placabo
423 3377 533 3448 lovem,
547 3376 707 3454 laribusque
720 3377 846 3455 paternis

80 3456 182 3515 Thura
197 3458 281 3528 dabo,
296 3468 378 3532 atque
391 3475 491 3516 omnes
506 3455 586 3513 violo
597 3457 710 3534 jactabo
723 3457 840 3514 colores

80 3532 194 3592 Cuncta
207 3535 315 3592 nitent:
335 3535 433 3610 longos
446 3534 535 3594 erexit
546 3534 635 3610 janua
647 3545 749 3603 ramos,

80 3610 118 3669 Et
132 3612 277 3670 matutinis
290 3622 418 3684 operatur
432 3613 503 3669 festa
515 3611 648 3668 lucernis.

121 3688 186 3748 Nec
199 3698 331 3765 suspecta
343 3687 395 3744 tibi
408 3688 465 3744 sint
477 3689 549 3757 haec,
560 3685 692 3743 Corvino.
733 3682 873 3760 Catullus

80 3765 137 3824 Pro
149 3767 232 3843 cujus
245 3765 336 3823 reditu
349 3774 391 3823 tot
403 3779 478 3840 pono
491 3763 599 3835 altaria,
611 3779 711 3838 parvos
812 3775 814 3780 ·
