2494 4274
165 225 207 285 82
477 223 510 270 n.
527 221 625 271 suun
642 221 838 272 ruvnnsms

163 364 253 426 Quod
266 363 376 440 Tagus,
389 374 419 422 et
432 364 516 423 rutilh
529 365 614 424 volvit
627 363 759 423 Pactolus
774 364 871 438 arend,
1239 409 1240 446 ,

165 441 282 520 Frigida
295 443 437 501 sufficient
451 443 574 500 velantes
588 443 707 519 inguina
718 443 817 518 panni,
1096 445 1168 505 dm
1239 451 1240 534 l

165 519 349 598 Exigunsque
363 521 454 594 cibus,
470 522 563 580 mersi
576 531 636 579 rate
651 522 804 596 naufragus
818 539 909 579 assem
1239 535 1240 560 ³

166 598 245 658 Dum
260 610 351 678 rogat,
364 611 394 658 et
406 600 484 676 picti
497 619 528 658 se
541 609 708 676 tempestate
721 610 825 657 tuetur.

165 678 270 736 Tantis
283 689 363 754 parta
376 679 457 736 malis
470 679 540 737 cura
554 677 659 754 majore
667 687 800 753 metuque

167 757 332 814 Servantur.
373 754 481 816 Misera
493 769 537 815 est
551 757 648 833 magni
662 756 791 814 custodia
803 755 916 814 census.
1239 787 1240 830 1

206 833 357 911 Dispositis
368 836 505 910 predives
518 835 610 893 hamis
623 835 738 910 vigilare
751 833 897 893 cohortem
1097 837 1165 896 305

167 913 318 970 Servorum
333 922 420 970 noctu
433 912 551 970 Licinus
562 913 652 988 jubet,
668 912 802 970 attonitus
814 931 867 989 pro

166 989 290 1062 Electro‚
305 989 450 1066 signisque
462 991 531 1062 suis,
546 990 725 1067 Phrygitque
739 990 884 1064 columnd,

167 1068 263 1144 Atque
276 1069 371 1141 ebore,
386 1079 415 1125 et
428 1069 485 1126 lati
498 1069 649 1127 testudine.
690 1068 776 1128 Dolia
788 1069 858 1126 nudi

167 1146 234 1204 Non
249 1147 350 1205 ardent
363 1146 482 1222 Cynici:
503 1148 527 1205 si
541 1148 666 1224 fregeris,
680 1148 768 1205 altera
781 1147 830 1206 liet

167 1224 240 1282 Cras
254 1226 365 1298 domus,
380 1236 429 1284 aut
441 1226 541 1285 eadem
555 1227 670 1302 plumbo
683 1226 834 1284 commissa
846 1225 981 1284 manebit.
1097 1227 1161 1286 310

168 1303 265 1362 Sensit
278 1304 451 1377 Alexander,
465 1305 538 1362 testi
551 1323 638 1380 quum
651 1304 720 1362 vidit
734 1304 764 1361 in
778 1303 826 1362 illh

168 1381 308 1460 Magnum
322 1383 517 1457 habitatorem,
531 1394 636 1460 quanto
649 1382 757 1441 felicior
771 1383 828 1454 hic,
841 1382 890 1458 qui

167 1461 218 1519 Nil
233 1473 358 1539 cuperet,
372 1460 457 1538 quum
471 1463 518 1539 qui
532 1473 621 1520 totum
635 1462 688 1520 sibi
701 1471 831 1538 posceret
842 1460 951 1536 orbem,

167 1539 306 1598 Passurus
318 1543 405 1617 gestis
420 1541 558 1615 aequanda
567 1541 694 1616 pericula
707 1538 799 1598 rebus.

167 1618 198 1675 N
201 1619 288 1675 ullum
302 1637 409 1676 numen
424 1619 521 1690 habes,
533 1620 557 1676 si
571 1619 606 1676 sit
619 1618 788 1695 prudentia:
809 1627 915 1691 noste,
1094 1618 1161 1677 315

168 1695 231 1752 Nos
245 1696 374 1768 facimus,
389 1695 524 1768 Fortuna,
539 1695 641 1754 Deam.
683 1695 823 1754 Mensura
836 1706 933 1755 tamen
946 1713 1009 1773 que

168 1774 299 1830 Sufficiat
309 1775 422 1846 census,
436 1774 460 1830 si
473 1773 537 1849 quis
550 1793 596 1832 me
610 1776 750 1848 consulat,
765 1774 867 1833 edam:

168 1851 204 1908 In
218 1863 354 1927 quantum
365 1852 425 1909 sitis
439 1861 521 1927 atque
535 1853 624 1910 fames
637 1863 666 1910 et
679 1853 783 1929 frigora
796 1863 926 1928 poscunt,

167 1929 329 2004 Quantum,
344 1929 478 2006 Epicure,
492 1929 543 1989 tibi
556 1933 649 2010 parvis
663 1931 774 1990 suffecit
788 1932 817 1988 in
833 1931 931 2004 hortis,
1239 1967 1240 1984 .

167 2009 319 2070 Quantum
334 2010 473 2068 Socratici
486 2021 624 2087 ceperunt
637 2009 703 2068 ante
717 2021 843 2086 penates.
1097 2008 1163 2068 330
1239 2019 1240 2052 l

167 2087 324 2162 Nunquam
340 2088 419 2145 aliud
433 2087 555 2161 Natura,
569 2089 646 2147 aliud
661 2087 807 2164 Sapientia
821 2086 891 2144 dicit

167 2165 293 2222 Auribus
306 2166 443 2242 exemplis
456 2166 551 2224 videor
564 2178 593 2225 te
607 2167 747 2224 claudere.
787 2162 880 2222 Misce

141 2305 143 2309 ,
167 2241 246 2318 Ergb
258 2243 364 2320 aliquid
378 2244 481 2301 nostris
495 2246 530 2302 de
544 2245 685 2303 moribus:
706 2244 787 2302 effice
801 2259 951 2315 summam,

168 2321 218 2380 Bis
230 2335 339 2399 septem
352 2323 501 2382 ordinibus
513 2343 597 2400 quam
612 2324 657 2382 lex
671 2323 804 2400 dignatur
816 2319 949 2379 Othonis.

168 2400 243 2458 Haec
256 2421 367 2478 quoque
381 2401 404 2460 si
417 2421 517 2480 rugam
531 2404 626 2476 trahit,
640 2401 822 2477 extenditque
835 2399 987 2470 labellum3
1096 2400 1161 2459 325

168 2482 258 2538 Sume
271 2481 344 2540 duos
356 2481 482 2557 Equites,
497 2481 542 2541 sac
556 2483 640 2540 tertia
652 2481 866 2557 quadringenta.

169 2559 201 2616 si
215 2561 341 2617 nondum
357 2559 469 2635 implevi
482 2561 633 2636 gremium,
644 2559 669 2616 si
682 2559 816 2634 panditur
826 2553 917 2615 ultrd:

167 2637 198 2694 N
200 2655 234 2692 ec
247 2636 339 2696 Oroesi
353 2639 465 2694 fortuna
477 2656 602 2712 unquam
616 2657 671 2696 nec
685 2637 800 2694 Persica
812 2653 901 2713 regna

169 2713 318 2771 Sufficient
331 2714 436 2786 animo,
447 2733 502 2771 nec
516 2715 620 2772 divitie
634 2715 775 2786 Narcissi,

168 2789 292 2848 Indulsit
305 2791 402 2848 Cesar
416 2791 464 2849 oui
478 2790 616 2849 Claudius
629 2793 734 2864 omnia,
749 2792 835 2869 cujus

169 2868 267 2927 Paruit
280 2867 415 2945 imperiis,
430 2887 547 2928 uxorem
560 2870 693 2930 occidere
704 2869 810 2948 jussus.

541 3182 699 3249 SATIRA
720 3182 788 3243 XV.

208 3337 289 3399 Qms
304 3337 405 3408 nescit,
419 3335 520 3394 Volusi
534 3334 693 3410 Bithynice,
707 3335 801 3408 qualia
814 3335 932 3392 demens

171 3417 312 3493 AEgyptus
324 3423 454 3491 portenta
467 3412 562 3470 colatl
602 3410 774 3469 Crocodilon
789 3412 886 3470 adorat

171 3496 240 3554 Pars
253 3495 331 3552 haec:
353 3493 400 3551 illa
412 3502 494 3568 pavet
508 3501 631 3550 saturam
646 3490 823 3566 serpentibus
837 3490 905 3549 ibin.

171 3573 288 3648 Effigies
301 3573 374 3630 sacri
387 3573 458 3631 nitet
471 3589 558 3629 aurea
571 3569 770 3646 cercopitheci,

172 3649 298 3708 Dimidio
311 3652 429 3727 magicae
443 3660 576 3708 resonant
589 3649 638 3708 ubi
649 3649 803 3708 Memnone
817 3649 942 3722 charde,

173 3725 267 3800 Atque
281 3740 361 3786 verus
374 3727 477 3786 Thebe
490 3740 606 3786 centum
618 3729 694 3804 j'acet
706 3728 807 3786 obruta
818 3727 913 3804 portis.
