2494 4274
183 283 224 342 28
498 279 530 328 D.
547 277 644 329 JUNll
661 277 857 328 JUVENALIS

184 421 278 498 thue
292 419 385 498 magis
400 431 523 498 stupeas,
537 421 620 479 ludos
633 420 821 494 Paridemque
835 417 955 494 reliquit.

185 501 243 562 Sed
257 519 416 576 quanquam
430 502 459 557 in
474 501 585 576 magnis
598 500 708 575 opibus,
721 498 873 574 plumdque
886 496 1015 572 paterni,
1136 498 1177 558 70

184 577 222 636 Et
235 581 418 656 segmentatis
432 579 582 636 dormisset
594 578 711 653 parvula
725 576 817 646 cunis,

183 657 362 733 Contempsit
376 656 509 734 pelagus:
531 657 635 713 samam
650 663 858 728 contempserat
870 653 948 725 olim,

183 735 274 810 Cujus
287 738 360 812 apud
378 737 475 794 molles
488 735 606 792 minima
619 745 662 793 est
672 735 784 808 jactura
797 732 953 790 cathedras.

182 811 348 888 Tyrrhenos
362 814 448 890 igitur
462 813 564 870 fluctus
578 811 692 886 lateque
706 822 855 868 sonantem

182 890 300 948 Pertulit
315 891 426 949 lonium
441 891 580 948 constanti
594 901 718 981 miore,
732 888 860 963 quamvis

182 967 353 1026 Mutandum
368 970 451 1026 toties
464 979 538 1024 esset
551 985 638 1024 mare.
679 966 697 1023 J
700 979 762 1024 usta
775 967 873 1043 pericli

182 1046 214 1102 Si
228 1047 299 1104 ratio
312 1060 356 1104 est
369 1058 398 1104 et
411 1048 544 1116 lronesta;
565 1047 675 1117 timent,
691 1045 847 1122 pavidoque
861 1045 990 1121 gelantur

181 1123 310 1198 Pectore,
325 1145 379 1182 nec
392 1125 519 1184 tremulis
532 1137 649 1200 possunt
662 1125 791 1182 insistere
805 1125 923 1200 plantis:

181 1199 296 1261 Fortem
310 1205 435 1261 animum
447 1215 581 1279 prestant
595 1204 688 1275 rebus,
703 1221 773 1276 quas
785 1203 903 1277 turpiter
917 1202 1062 1308 audent*

182 1281 214 1337 si
225 1282 323 1357 jubeat
337 1283 451 1359 conjux,
466 1283 568 1339 durum
582 1293 625 1338 est
638 1280 831 1339 conscendere
845 1281 955 1351 narim;
1127 1283 1169 1341 80

180 1358 268 1417 Tunc
282 1363 394 1419 sentina
407 1362 508 1436 gravis,
518 1372 587 1418 tunc
601 1378 729 1416 summus
742 1359 857 1417 vertitur
871 1364 929 1418 adr.

179 1437 256 1498 Quae
270 1442 413 1496 moechum
428 1440 563 1515 seqnitur,
577 1441 723 1496 stomacho
737 1439 817 1496 valet.
858 1437 911 1496 Illa
924 1439 1056 1506 maritum

180 1517 347 1576 Convomit:
370 1520 432 1575 haec
446 1520 518 1576 inter
533 1529 635 1575 nautas
649 1530 677 1575 et
690 1518 818 1593 prandet,
833 1529 861 1574 et
874 1529 948 1574 errat

179 1593 234 1652 Per
247 1614 380 1672 puppem,
394 1607 422 1654 et
436 1595 522 1652 duros
535 1597 640 1670 gaudet
654 1605 773 1652 tractare
787 1596 929 1654 rudentes.

177 1671 249 1732 Qui
262 1685 356 1730 tamen
370 1675 474 1731 exarsit
488 1674 586 1744 forma,
601 1673 657 1748 quai
671 1685 753 1747 capta
764 1673 880 1748 juventii
894 1684 936 1731 est
1126 1675 1167 1732 85

179 1749 307 1826 Hippial
327 1753 395 1826 quid
409 1752 486 1822 vidit,
500 1763 611 1827 propter
625 1753 699 1826 quod
713 1751 791 1808 ludia
804 1751 861 1808 dici

179 1829 341 1887 Sustinuit?
364 1848 429 1887 nam
444 1830 589 1905 Sergiolus
600 1830 658 1906 jam
673 1831 771 1887 radere
785 1842 881 1906 guttur

178 1906 320 1984 Coeperat,
333 1922 362 1966 et
376 1920 454 1966 secto
467 1910 593 1984 requiem
607 1929 718 1984 sperare
732 1909 846 1967 lacerto.

178 1983 320 2044 Praeterea
334 1988 421 2044 multa
436 1989 464 2046 in
481 1987 552 2044 facie
567 1988 718 2057 deformia;
741 1988 815 2045 sicut

178 2065 302 2122 Attritus
317 2067 408 2142 galei,
424 2067 579 2140 mediisque
592 2068 621 2123 in
635 2067 751 2123 naribus
765 2068 867 2142 ingens

176 2143 296 2215 Gibbus,
311 2156 339 2200 et
353 2163 417 2201 acre
430 2145 536 2201 malum
550 2163 661 2219 semper
674 2145 804 2202 stillantis
818 2144 910 2202 ocelli.

177 2220 236 2277 Sed
250 2221 388 2297 gladiator
401 2234 481 2279 orat:
503 2223 570 2280 facit
584 2224 638 2280 boc
652 2224 713 2281 illos
728 2223 904 2298 Hyacinthos
916 2241 923 2290 ;

176 2298 242 2356 Hoc
255 2300 359 2376 pueris,
374 2301 536 2376 patriaque,
551 2302 604 2358 hoo
618 2303 740 2376 praetulit
753 2303 800 2359 illa
813 2301 899 2358 sorori

175 2377 271 2454 Atque
285 2378 352 2438 viro.
394 2379 513 2438 Ferrum
527 2391 579 2450 est,
594 2381 668 2454 quod
684 2392 787 2438 amant.
830 2379 888 2436 Hic
902 2378 1020 2454 Sergius
1033 2378 1108 2437 idem

175 2457 307 2533 Accepta
323 2459 392 2516 rude
406 2459 538 2534 coepisset
552 2459 674 2516 Veiento
689 2459 826 2516 rideri—
1119 2459 1162 2516 ab

215 2535 409 2612 Hippomanes
422 2557 593 2613 carmenque
607 2538 713 2612 loquar,
727 2550 895 2612 coctumque
909 2553 1050 2594 venenum

174 2611 362 2689 Privignoque
376 2615 472 2672 datum
484 2619 496 2671 l
517 2617 641 2671 Faciunt
653 2616 781 2688 graviora
794 2628 900 2672 coacte

174 2689 298 2768 Imperio
311 2693 404 2761 sextis,
421 2691 626 2764 minimumque
640 2692 758 2747 libidine
773 2704 902 2766 peccaut.

212 2768 329 2842 Optima
344 2769 393 2824 sed
407 2787 494 2842 quare
509 2770 661 2838 Cesennia,
676 2780 747 2825 teste
761 2770 881 2826 maritol

173 2843 223 2902 Bis
236 2846 390 2922 quingenta
403 2847 499 2914 dedit;
521 2846 593 2903 tanti
608 2858 690 2903 vocat
703 2846 748 2902 ille
762 2847 907 2921 pudicam,
1101 2851 1159 2908 100

172 2921 238 2980 Nec
252 2924 372 2984 Veneris
384 2925 522 3002 pharetris
536 2943 632 2980 macer
646 2935 698 2995 est,
714 2935 762 2980 aut
775 2924 905 3001 lampade
920 2925 1024 2984 servet:

172 2999 246 3060 Inde
262 3002 338 3060 iaces
352 3006 452 3062 ardent
460 3023 467 3072 ;
490 3004 607 3061 veniunt
620 3023 637 3060 a
651 3003 715 3061 dote
729 3003 846 3078 sagitte.

171 3078 302 3140 Libertas
317 3084 436 3142 emitur:
457 3081 555 3140 coriam
569 3083 637 3140 licet
650 3083 750 3139 innuat
764 3094 847 3157 atque

171 3158 332 3231 Rescribat,
348 3163 432 3219 vidua
445 3174 497 3233 est,
513 3162 715 3236 locuplesque
729 3162 825 3237 nupsit
837 3180 929 3220 avaro.

210 3237 270 3294 Cur
283 3239 425 3296 desiderio
439 3240 548 3295 Bibulae
564 3241 705 3296 Sertorius
719 3240 819 3297 ardetl

171 3312 202 3369 Si
216 3332 313 3371 verum
325 3315 466 3385 excutias,
481 3317 578 3386 facies,
593 3334 650 3372 non
664 3334 733 3374 uxor
747 3328 864 3375 amatur.

169 3390 245 3450 Tres
258 3410 335 3468 rugas
352 3393 481 3465 subeant,
495 3403 567 3450 etse
581 3394 655 3450 cutis
669 3396 747 3452 arida
760 3395 845 3467 laxet,

170 3469 255 3528 Fiant
266 3471 380 3529 obscuri
394 3471 502 3542 dentes,
513 3471 644 3545 oculique
657 3474 780 3531 minores
791 3492 799 3542 ;

169 3548 280 3626 Collige
294 3549 459 3621 sarcinulas,
473 3551 550 3608 dicet
563 3549 689 3620 libertus,
703 3563 731 3608 et
744 3553 809 3608 exi:

169 3623 187 3680 J
190 3645 235 3682 am
248 3629 340 3702 gravis
353 3648 384 3686 es
397 3629 489 3699 nobis,
503 3639 532 3686 et
545 3625 621 3703 saepe
634 3630 808 3702 emungeris,
822 3631 868 3688 exi

168 3701 271 3778 Ociin,
284 3717 313 3763 et
325 3725 462 3781 propera:
483 3707 560 3763 sicco
574 3705 651 3763 venit
665 3704 752 3763 altera
766 3726 843 3764 naso.

169 3778 285 3842 Interea
297 3783 381 3856 calet,
394 3794 424 3840 et
436 3795 546 3859 regnat,
560 3785 705 3858 poscitque
718 3785 850 3841 maritum
