2502 4284
485 279 610 330 snt'tltn
627 275 659 330 v.
738 303 748 312 -
1007 289 1066 350 ιω

72 420 207 480 Luciferi
220 421 310 493 rudis,
325 419 466 479 exclamet
479 419 630 480 Melitertt
642 420 750 499 perisse

70 501 214 559 Frontem
227 501 264 558 de
279 500 372 558 rebus.
413 497 484 556 Tibi
497 510 575 558 rento
584 500 679 559 rivere
691 501 749 561 tnlo

71 581 130 637 Ars
145 579 250 636 dediti
270 590 300 636 et
313 577 371 636 reri
385 575 511 652 speeiem
524 578 692 654 dignosoere
705 579 804 654 eolles,
1007 583 1064 644 1⁰5

71 655 121 714 Ne
134 675 194 732 que
209 656 351 714 suberete
363 656 531 714 mendosum
545 655 649 714 tinniet
661 659 753 717 turoi

70 735 211 810 Quosque
223 732 370 810 sequentis
383 734 484 804 serent,
495 743 526 792 et
537 751 603 810 qun
612 735 728 793 ritendt
740 733 866 796 risuum

72 812 129 871 Ille
142 811 226 888 prius
239 811 328 884 oreti,
341 829 407 870 mox
420 812 482 870 beo
495 811 629 886 oerbone,
642 813 769 872 nottstil

73 891 116 947 Es
129 891 264 952 modicus
277 889 353 962 rotii
372 908 470 966 presso
483 890 561 948 lerel
574 890 669 949 tlulois
679 892 801 952 utuinisi

72 969 143 1026 Jarn
154 985 235 1026 nuno
246 967 394 1045 estriugus,
406 967 466 1044 jem
478 985 559 1026 nune
571 969 703 1046 grunnis
716 971 816 1030 lunesi
1005 973 1066 1038 11⁰

73 1047 172 1122 Inque
186 1046 248 1120 luto
257 1046 345 1104 fixum
357 1046 448 1123 possis
461 1048 677 1106 troussoeudere
691 1067 854 1126 nummum,

73 1124 104 1182 N
106 1145 144 1182 ee
159 1128 251 1201 glutto
263 1125 377 1186 sorbere
390 1125 507 1184 selirem
520 1123 742 1186 Mereurielerni

115 1204 195 1261 Haeo
208 1222 272 1261 meu
286 1213 361 1276 suut,
374 1213 469 1278 teneo,
483 1221 571 1278 quum
584 1202 651 1262 verb
666 1205 781 1278 dixeris,
794 1215 856 1268 esto

74 1282 222 1356 Liberque
237 1299 271 1339 eo
283 1282 405 1358 sepiens,
418 1282 585 1358 pransoribus
596 1301 631 1340 eo
644 1282 714 1342 Jove
727 1284 834 1344 dextro.

75 1361 132 1418 Sin
148 1369 190 1434 tu,
204 1379 291 1436 quum
305 1359 390 1418 meris
400 1369 504 1418 nostre
516 1358 602 1438 paulo
616 1358 683 1419 ente
698 1361 807 1436 ierinn,
1006 1363 1064 1426 tlt

75 1439 249 1497 Pellioulum
262 1448 385 1497 veterem
398 1437 513 1509 retines,
527 1449 557 1497 et
569 1439 662 1496 fronte
674 1439 779 1516 politus
926 1457 928 1462 ’

75 1517 215 1576 Astutem
228 1517 333 1592 rapido
342 1535 437 1574 serres
448 1516 503 1575 sub
514 1526 630 1593 pestere
643 1517 755 1593 vulpem
768 1537 775 1575 :

74 1596 157 1657 Quae
170 1597 306 1653 dederam
319 1593 414 1672 rupti,
424 1605 531 1672 repeto,
547 1595 700 1672 iuuenique
713 1596 828 1655 reduoo.

75 1675 128 1733 Nil
145 1674 197 1732 tibi
212 1675 352 1734 oonoessit
362 1674 451 1733 ratio:
471 1674 592 1750 digitum
605 1691 715 1748 exsere,
728 1693 841 1752 peneus.

76 1753 116 1810 Et
129 1753 200 1828 quid
213 1763 271 1810 tom
284 1769 400 1829 porrum
413 1754 474 1810 esti
494 1753 545 1811 sed
558 1753 637 1812 nullo
649 1755 732 1812 thure
745 1755 848 1828 litebis,
1006 1755 1063 1817 lto

76 1832 199 1890 Haereat
214 1831 243 1888 in
258 1831 349 1889 stultis
364 1831 455 1889 brevis
468 1841 499 1888 ut
512 1832 661 1890 semuncia
673 1834 753 1891 reoti.

76 1910 154 1968 Heo
168 1911 289 1968 miscere
303 1909 401 1968 ueiss:
422 1927 487 1982 nee,
501 1927 588 1985 quum
602 1911 641 1967 sis
654 1921 759 1968 uetere
771 1911 872 1984 fossor,

77 1988 156 2046 Tres
169 1985 281 2045 tantum
294 1989 330 2046 ed
344 2005 479 2045 numeros
492 1988 576 2063 satyri
590 2005 720 2046 moreius
734 1987 865 2063 Bathylli.

77 2067 185 2124 ‘Liber
198 2068 271 2142 ego!
311 2065 396 2124 Unde
410 2067 509 2125 dotum
522 2067 577 2124 boo
590 2066 688 2137 sumis,
702 2075 743 2124 tot
757 2065 870 2124 subdite
883 2065 990 2134 rebus!

78 2146 128 2202 An
143 2145 291 2202 dominum
301 2145 424 2220 ignores,
438 2143 494 2202 nisi
507 2161 592 2219 quem
607 2144 732 2202 riudiots
745 2145 874 2204 relaxati
1004 2143 1062 2208 125

79 2223 123 2295 ‘l,
137 2241 217 2299 puer,
232 2232 261 2280 et
274 2222 394 2299 strigiles
407 2221 533 2298 Crispini
547 2223 583 2280 od
597 2223 700 2282 balneo
712 2223 815 2282 deierz'

79 2301 112 2358 Si
127 2301 278 2378 increpuit,
290 2307 297 2332 ‘
310 2319 404 2358 sesses
412 2311 532 2377 nugator
539 2303 560 2358 i'
582 2301 727 2359 servitium
739 2319 806 2360 uere

78 2379 127 2438 Te
141 2379 213 2436 nihil
227 2379 360 2455 impellit:
381 2397 437 2437 neo
450 2378 604 2454 quidquem
617 2380 794 2437 extrinseeus
807 2380 903 2450 intret,

78 2458 168 2520 Quod
182 2477 286 2515 nervos
297 2458 399 2532 sgitet:
420 2459 471 2514 sed
485 2457 509 2515 si
522 2458 599 2514 intus
611 2468 641 2513 et
656 2457 685 2514 in
697 2457 794 2532 jeoore
808 2473 885 2532 egro

79 2535 245 2594 Nascantur
258 2535 382 2594 domini:
403 2535 453 2611 qui
467 2545 499 2594 tn
511 2534 674 2610 impunitior
686 2534 758 2604 esis,
1005 2531 1063 2594 1³⁰

79 2616 176 2690 Atque
191 2615 248 2686 bie,
262 2633 346 2689 quom
361 2615 396 2671 ed
410 2613 531 2690 strigiles
544 2613 654 2670 scutica
667 2623 696 2669 et
709 2621 802 2667 metus
815 2609 875 2686 egit
887 2608 1004 2674 hmilisi

120 2689 210 2750 Mune
222 2692 303 2768 piger
314 2692 424 2749 stertis:
447 2693 550 2767 Surge,
565 2690 657 2765 inquit
674 2688 806 2748 ivonis:
826 2689 872 2747 eis

81 2772 183 2848 Surge.
225 2769 338 2846 Negas:
359 2771 460 2828 instet:
482 2769 584 2846 Surge,
599 2769 698 2844 inquit.
728 2767 816 2826 ‘Nou
830 2767 922 2842 queo!
944 2765 1050 2850 Surge.

81 2849 136 2906 ‘Et
150 2848 219 2924 quid
233 2849 344 2924 egaml'
385 2847 526 2924 Rogitssl
548 2850 680 2925 saperdas
693 2847 801 2905 advehe
814 2844 916 2920 Ponto,

81 2927 259 2999 Castorem,
274 2937 398 3003 stuppas,
413 2928 546 2998 ebenum,
560 2929 636 2999 thus,
650 2926 761 2984 lubriet
773 2925 843 2982 (loe.
1004 2923 1062 2988 186

80 3005 166 3063 Tolle
179 3023 281 3062 reoens
292 3005 400 3080 primus
413 3005 492 3082 piper
502 3023 520 3060 e
533 3005 647 3063 sitiente
661 3002 777 3059 osmelo.

82 3081 170 3142 verte
184 3083 305 3159 aliquid:
324 3084 397 3160 jure.
439 3082 517 3139 ‘Sed
532 3081 644 3157 Jupiter
658 3079 772 3136 audiet?
812 3077 915 3146 Eheu!

82 3162 166 3234 Baro,
180 3171 355 3236 regustatum
368 3160 458 3238 digito
470 3159 612 3216 terebrare
626 3157 748 3215 selinum

82 3240 242 3298 Contentus
254 3259 382 3317 perages,
393 3239 418 3297 si
432 3237 525 3294 virere
538 3253 605 3295 eum
618 3235 689 3304 Jove
702 3235 805 3306 tendis.
827 3276 828 3282 1

83 3317 149 3376 lam
161 3316 257 3392 pueris
269 3319 372 3394 pellem
386 3314 552 3375 moninotus
561 3327 591 3376 et
602 3317 790 3396 oenophorum
805 3325 902 3400 uptus:
972 3369 975 3376 .
1004 3316 1064 3384 lto

82 3394 173 3455 Ooirls
186 3397 222 3453 od
233 3415 333 3455 novem
345 3415 352 3454 z
372 3394 444 3455 nibil
456 3395 559 3469 obstet,
572 3396 641 3473 quin
652 3397 735 3456 trube
747 3395 826 3456 mot

83 3473 728 3624 titillllttll'tlttlllltll,
741 3551 821 3610 nm
838 3547 917 3624 qni

82 3631 161 3693 Quid
174 3630 227 3688 tibi
240 3630 305 3687 visl
325 3628 419 3687 onlido
431 3631 485 3687 sub
496 3641 612 3706 peetore
623 3626 750 3685 mssouls
763 3625 828 3682 bilis

83 3709 231 3784 intumuit,
244 3725 330 3786 quern
343 3725 402 3766 non
415 3707 581 3766 exstinxerit
592 3723 664 3764 urus
677 3704 800 3766 oinutel
860 3735 862 3738 ·
1005 3705 1076 3767 itt·
