2494 4274
498 271 623 328 sn'rtltn
640 276 673 326 V.

81 421 227 498 Coniuge,
241 441 291 498 per
305 431 431 480 montem
446 420 605 493 adversum,
619 419 785 496 gelidasque
796 419 916 484 cunuti

81 501 240 576 Esquilias,
256 501 388 558 fremeret
402 501 477 558 stava
492 519 578 574 quum
592 500 732 575 grandine
747 519 852 560 vernus

80 580 207 654 Jupiter,
222 591 251 637 et
265 579 355 636 multo
369 580 488 636 stillaret
501 579 615 653 paenula
628 579 744 638 nimbol

81 659 225 734 Adspice,
239 657 326 733 quam
339 658 424 732 longo
439 657 583 714 distendat
597 670 711 732 pectore
726 658 850 732 lancem,

79 737 162 798 Qnae
177 737 265 794 fertur
280 736 405 808 domino,
420 736 529 810 squilla,
544 747 573 794 et
586 737 691 810 quibus
705 737 831 813 undique
845 747 924 814 septa

80 817 253 892 Asparagis,
267 817 323 889 quai
338 815 476 892 despiciat
489 816 619 872 convivia
633 815 738 886 caudi,
800 881 815 896 -.

79 894 186 954 Quum
201 895 279 952 venit
292 894 397 952 excelsi
412 895 542 952 manibus
556 895 666 953 sublata
681 888 820 954 ministri.''

4 1029 5 1032 ,
82 973 143 1030 Sed
159 973 209 1030 tibi
224 973 343 1030 dimidio
356 974 525 1038 constrictus
539 966 702 1030 camm‘arus
713 992 768 1032 oro
783 993 801 1030 .’
841 1022 866 1032 ,-
912 989 921 1013 ¹

81 1051 215 1123 Ponitur,
228 1052 333 1127 exigui
348 1053 441 1122 feralis
456 1071 539 1118 caena
552 1044 665 1127 patella.

81 1129 151 1204 Ipse
166 1130 331 1191 Venafrano
344 1131 451 1205 piscem
466 1131 628 1206 perfundit:
650 1142 679 1188 at
692 1132 750 1204 bic,
763 1131 812 1207 qui

80 1209 213 1280 Pallidus
227 1209 341 1272 affertur
356 1210 458 1268 misero
471 1211 522 1268 tibi
537 1211 636 1281 caulis,
650 1211 738 1268 olebit

81 1287 249 1344 Laternam.
291 1287 365 1346 Illud
379 1289 457 1346 enirn
471 1290 570 1364 restris
584 1289 666 1346 datur
680 1289 806 1364 alveolis,
819 1289 896 1366 quod

82 1366 190 1423 Canna
203 1365 391 1442 Micipsarum
404 1369 488 1442 proni
503 1368 632 1436 subvenit
646 1369 747 1437 acum

81 1445 203 1520 Propter
216 1445 291 1520 quod
305 1446 408 1502 Rome
423 1465 489 1502 cum
504 1446 651 1503 Bocchare
665 1465 750 1504 uerno
762 1446 882 1520 lavatur,

80 1523 175 1584 Quod
189 1535 264 1582 tutos
278 1525 365 1581 etiam
380 1525 449 1581 sacit
463 1543 480 1581 a
493 1524 673 1599 serpentibus
687 1522 781 1582 Afros.

81 1601 194 1660 Mullus
207 1604 260 1660 erit
274 1603 399 1675 domino,
414 1621 498 1679 quem
513 1603 590 1660 misit
604 1603 732 1674 Corsica,
747 1603 790 1664 vel
804 1621 889 1680 quem

81 1681 338 1743 Tauromenitanae
352 1701 446 1758 rupes,
461 1683 574 1757 quaudo
587 1701 673 1740 omne
686 1694 834 1758 peractum
847 1693 892 1742 est

82 1759 122 1822 Et
131 1760 191 1835 jam
205 1760 310 1818 defecit
323 1773 451 1819 nostrum
465 1781 553 1833 mare,
568 1762 637 1818 dnm
650 1762 719 1837 gula
732 1762 821 1836 serit,

82 1837 210 1897 Ratibus
224 1839 346 1896 assiduis
359 1841 472 1915 penitus
486 1851 629 1898 scrutante
643 1840 763 1898 macello

81 1917 226 1990 Proxima,
242 1937 296 1975 nec
311 1920 432 1994 patimur
447 1919 631 1994 Tyrrhenum
645 1939 774 1978 crescere
795 1919 913 1995 piscem.

82 1996 204 2054 Instruit
217 1995 287 2074 ergd
302 1997 396 2056 focum
410 1999 571 2074 provincia:
593 1999 712 2056 sumitur
727 1998 805 2056 illinc

80 2075 173 2136 Quod
188 2087 315 2152 captator
329 2088 406 2135 emat
419 2076 523 2149 Lanae,
539 2077 658 2135 Aurelia
671 2077 784 2134 vendat.

81 2155 200 2212 Virroni
214 2173 342 2212 murana
356 2157 449 2228 datur,
464 2175 526 2231 quae
540 2157 666 2216 maxima
678 2156 757 2215 venit

81 2234 205 2309 Gurgite
218 2234 255 2290 de
270 2235 385 2292 Siculo:
407 2255 484 2306 nam,
499 2236 568 2293 dum
581 2255 612 2294 se
626 2237 754 2296 continet
767 2236 885 2309 Auster,
1015 2237 1072 2295 1⁰⁰

82 2311 162 2370 Dum
176 2313 257 2370 sedet
270 2323 299 2370 et
312 2315 402 2372 siccat
414 2315 544 2372 madidas
558 2315 587 2373 in
602 2333 718 2373 carcere
732 2333 852 2390 pennas,
960 2359 987 2401 k

83 2391 282 2449 Contemnunt
295 2393 418 2450 mediam
432 2394 582 2452 temeraria
602 2395 661 2450 lina
675 2393 860 2468 Charybdim.
874 2375 945 2450 -s
954 2389 987 2500 s

83 2468 144 2528 Vos
159 2471 286 2548 anguilla
299 2483 396 2530 munet
408 2473 501 2548 longae
516 2483 639 2548 cognata
652 2471 787 2542 colubra,

83 2550 146 2606 Aut
159 2549 252 2626 glacie
267 2551 416 2626 adspersus
429 2551 551 2608 maculis
567 2549 735 2620 Tiberinus,
749 2560 779 2606 et
791 2547 852 2625 ipse

82 2629 213 2686 Vernula
225 2629 350 2704 ripamm
362 2631 476 2706 pinguis
489 2641 612 2688 torrente
626 2629 735 2700 cloaca,
1016 2628 1073 2686 105

83 2706 122 2768 Et
136 2708 234 2766 solitus
247 2709 349 2765 mediae
364 2721 490 2785 cryptam
504 2722 654 2786 penetrare
669 2707 800 2766 Suburae.

123 2786 182 2862 Ipsi
195 2806 289 2862 pauca
302 2788 396 2861 velim,
411 2789 524 2847 facilem
538 2789 562 2847 si
575 2790 700 2866 praebeat
714 2789 833 2846 aurem.'

83 2864 180 2924 Nemo
193 2867 272 2942 petit,
286 2867 406 2926 modicis
419 2887 481 2944 quae
496 2869 680 2926 mittebantur
693 2867 794 2926 amicis
829 2913 831 2918 ,

83 2946 112 3001 A
129 2945 253 3018 Seneca,
267 2965 330 3021 quae
344 2946 410 3006 Piso
424 2949 524 3019 bonus,
538 2966 601 3022 quae
615 2935 699 3004 c'otta
712 2947 821 3004 solebat

83 3023 212 3099 Largiri3
234 3043 356 3102 namque
370 3037 399 3084 et
412 3027 501 3084 titulis
514 3037 543 3083 et
557 3025 681 3086 fascibus
694 3024 763 3082 olim
1015 3026 1072 3084 ll⁰

83 3103 178 3180 Major
192 3103 348 3163 habebatur
362 3105 488 3161 donandi
503 3103 609 3177 gloria:
630 3102 722 3158 solum

83 3183 242 3253 Posuimus,
256 3194 287 3240 at
301 3201 399 3240 coenes
412 3180 539 3237 civiliter.
581 3177 648 3235 Hoc
663 3177 734 3249 face,
748 3185 778 3234 et
790 3187 860 3251 esto,

83 3262 164 3334 Esto,
178 3270 210 3316 ut
223 3280 303 3320 nunc
316 3261 408 3332 multi,
424 3259 502 3316 dives
516 3259 577 3331 tibi,
591 3277 699 3335 pauper
711 3257 819 3316 amicis.

125 3339 245 3398 Anseris
259 3353 324 3399 ante
339 3342 432 3418 ipsum
446 3339 543 3416 magni
554 3339 646 3416 jecur,
660 3338 809 3397 anseribus
821 3357 873 3416 par

83 3421 190 3492 Altilis,
205 3430 234 3476 et
245 3419 309 3478 ilari
324 3422 429 3498 dignus
443 3420 516 3477 ferro
529 3418 670 3495 Meleagri
1015 3420 1072 3476 115

83 3500 188 3560 Fumat
204 3515 270 3572 aper
282 3518 289 3556 :
309 3512 372 3576 post
386 3503 464 3558 hunc
477 3499 623 3557 tradentur
637 3497 747 3568 tubera,
761 3498 786 3557 si
799 3517 848 3558 rer

83 3579 172 3637 Tunc
185 3576 250 3649 erit,
264 3589 292 3636 et
306 3580 412 3636 facient
425 3589 522 3654 optata
535 3579 662 3638 tonitrua
674 3593 773 3632 coenas

83 3657 217 3734 Maiores.
260 3657 331 3715 Tibi
345 3657 419 3713 habe
433 3659 617 3725 frumentum,
632 3652 765 3710 Alledius
778 3651 879 3729 inquit,

82 3739 113 3796 Ο
126 3736 216 3814 Libye
229 3759 236 3809 3
257 3736 390 3813 disjunge
403 3733 498 3807 boves,
513 3737 581 3790 dam
594 3731 694 3791 tubera
708 3731 820 3792 mittasl

124 3818 301 3877 Structorem
314 3815 432 3888 interea,
447 3833 483 3872 ne
495 3831 553 3892 qua
565 3811 725 3890 indignatio
738 3813 821 3886 desit,
922 3901 924 3906 ,
1013 3813 1073 3874 12⁰
