2494 4274
165 249 205 312 ⁷4
475 239 837 293 n.ruurrruvsunn1s

165 387 335 466 Depositum
348 386 482 460 retinere,
495 396 525 444 et
538 385 666 444 fraudem
677 383 742 460 jure
755 382 829 441 tucri

165 467 306 526 Jursndo.
346 464 505 528 Querebet
517 464 605 536 enim,
619 481 682 537 quae
696 461 823 519 numinis
835 470 913 519 esset

166 544 262 618 Mens,
275 556 305 604 et
318 563 355 604 cn
369 544 424 603 boc
437 543 477 602 illi
492 542 603 600 seciuus
616 541 748 600 suaderet
760 538 889 615 Apollo?
936 589 949 614 ,

166 623 308 684 Reddidit
319 619 390 700 ergd
403 633 492 694 metu,
507 641 566 680 non
580 620 707 678 moribus
718 638 725 688 ;
747 627 776 676 et
789 629 886 675 tamen
899 636 1016 678 omnem

166 703 277 762 Vocem
290 701 368 778 ndyti
382 701 499 778 dignam
513 699 618 775 templo
631 715 783 772 verumque
796 695 924 772 probavit

166 781 333 840 Exstinctus
345 780 406 840 totd
420 781 522 857 puriter
537 795 603 836 cum
616 777 695 852 prole
708 776 858 850 domoque,

166 859 214 932 Et,
228 859 355 936 quumvis
368 859 455 934 longi
468 856 600 916 deductis
613 864 710 931 gente,
743 853 895 930 ropinquis.

166 937 231 996 Hcs
242 937 346 1014 petitur
358 955 458 1014 pmnes
470 934 609 1012 peccandi
623 934 683 992 sols
692 874 830 991 voiuntcs.

167 1015 246 1074 Nem
259 1015 354 1074 scelus
367 1014 442 1072 intre
456 1033 487 1072 se
501 1013 620 1072 tacitum
633 1012 682 1088 qui
697 1011 803 1088 cogitet
816 1011 916 1084 ullum,

166 1093 249 1152 Facti
263 1093 371 1152 crimen
385 1093 480 1152 babet.
521 1091 611 1164 Cedo,
626 1091 650 1148 si
663 1102 765 1149 coneto
778 1090 909 1166 peregit?

166 1172 309 1249 Perpetua
322 1172 450 1246 anxietas
464 1191 519 1230 nec
532 1189 639 1228 mense
653 1181 779 1245 tempore
793 1178 897 1243 cesset,

166 1250 312 1309 Faucibus
325 1261 356 1309 ut
369 1252 467 1309 morbo
480 1250 576 1322 siccis,
589 1250 718 1323 interque
731 1247 852 1306 molares

166 1329 285 1388 Difficili
299 1340 446 1388 crescente
459 1330 544 1387 cibo:
565 1329 615 1386 sed
629 1327 695 1385 vinu
708 1325 836 1384 misellus

167 1408 305 1486 Exspuit;
326 1407 433 1467 Albani
447 1407 548 1467 veteris
561 1406 685 1484 pretiosa
698 1415 831 1462 senectus

168 1487 318 1564 Displicet.
358 1488 504 1546 Ostendes
517 1485 628 1558 melius,
642 1483 812 1543 densissime
825 1502 897 1560 ruge

167 1567 287 1643 Cogitur
301 1567 331 1625 in
345 1566 476 1638 frontem,
490 1566 568 1624 velut
580 1564 639 1622 nori
654 1565 742 1621 ductn
754 1562 886 1621 Falerno.

167 1643 263 1702 Nocte
278 1645 390 1703 brevem
404 1645 428 1702 si
438 1641 509 1701 forte
524 1643 642 1702 indulsit
655 1660 726 1699 cure
736 1660 877 1717 soporem,

167 1720 206 1779 Et
219 1732 278 1781 toto
291 1733 402 1780 versate
416 1734 477 1780 toro
488 1722 547 1798 jam
561 1721 689 1778 membra
701 1721 852 1796 quiescunt
860 1739 868 1788 ;

167 1797 315 1859 Continuo
328 1799 476 1875 templum,
489 1812 519 1858 et
532 1799 626 1857 violati
640 1799 766 1857 numinis
779 1818 851 1872 eres,

168 1878 215 1952 Et,
228 1879 303 1954 quod
317 1878 468 1970 precipuis
482 1889 607 1956 mentem
621 1878 772 1935 sudoribus
785 1887 898 1953 urguet,

167 1957 214 2016 Te
227 1958 304 2017 videt
317 1977 346 2016 rn
361 1958 483 2033 somnis:
505 1968 554 2015 tua
568 1976 649 2015 sacra
662 1967 691 2014 et
701 1956 789 2032 major
802 1957 897 2033 imago

168 2037 305 2095 Humani
319 2038 413 2096 turbat
425 2036 569 2114 pavidum,
584 2035 714 2112 cogitque
729 2035 818 2093 fateri.

168 2115 209 2172 Hi
223 2126 298 2188 sunt,
312 2117 361 2191 qui
374 2117 526 2191 trepidant,
540 2127 569 2173 et
583 2116 619 2172 ad
632 2115 729 2172 omnis
742 2114 853 2190 fulguru
866 2112 982 2190 pellent,

166 2193 268 2254 Quum
281 2203 369 2265 tonat,
383 2193 530 2250 exanimes
542 2194 633 2269 primo
646 2211 758 2269 quoque
772 2209 916 2249 murmure
930 2191 1013 2262 coeli;

167 2270 236 2330 Non
249 2271 330 2348 quusi
344 2272 483 2344 fortuitus,
498 2289 552 2329 nec
567 2281 714 2329 ventorum
729 2270 817 2343 rabie,
831 2271 882 2328 sed

166 2349 261 2409 Irntus
275 2351 359 2411 cudat
372 2351 402 2408 in
416 2362 505 2410 terres
518 2362 547 2409 et
557 2351 668 2427 judicet
675 2349 758 2427 ignis.

167 2428 221 2488 Ille
234 2431 306 2490 nihil
320 2430 428 2502 nocuit,
442 2430 513 2488 curti
525 2431 651 2507 graviore
665 2430 779 2488 timetur

165 2508 298 2569 Proxime
310 2521 470 2587 tempestas,
484 2510 559 2568 velut
574 2511 628 2568 hoc
642 2509 728 2566 dilata
740 2525 849 2566 sereno.

165 2587 316 2661 Praetereo,
329 2589 424 2648 interis
438 2589 514 2664 vigili
528 2607 595 2644 cum
610 2587 686 2646 febre
700 2587 825 2645 dolorem

166 2668 198 2724 Si
212 2665 326 2743 coepdre
339 2667 407 2742 pati,
422 2668 540 2723 missum
554 2667 655 2722 adsue
669 2684 786 2739 corpore
799 2664 928 2722 morbum

165 2742 273 2802 Infesto
286 2745 407 2802 credunt
421 2762 438 2799 n
453 2743 589 2800 numine:
611 2762 679 2799 saxa
692 2743 811 2800 deorum

165 2821 239 2878 Hes
252 2832 282 2881 et
294 2822 351 2881 tela
363 2831 472 2897 putant.
513 2821 658 2877 Pecudem
672 2823 810 2895 spondere
823 2821 899 2878 secel

164 2899 323 2974 Balentem,
336 2910 365 2958 et
378 2898 499 2957 Laribus
513 2899 625 2957 cristam
640 2900 802 2975 promittere
814 2898 883 2975 gelli

163 2979 232 3038 Non
246 2979 370 3038 nudent:
391 2978 459 3056 quid
473 2980 549 3037 enirn
564 2998 675 3055 sperare
689 2978 858 3036 nocentibus
873 2978 957 3055 aegris

163 3057 362 3118 Gonoessumt
382 3058 425 3118 vel
440 3078 502 3134 qnae
517 3079 574 3118 non
589 3057 699 3135 dignior
714 3057 807 3116 hostie
820 3057 896 3116 viset
1093 3057 1153 3116 235

162 3134 279 3198 Mobilis
292 3151 322 3198 et
336 3139 412 3198 varia
425 3151 467 3198 est
481 3136 569 3198 serm&
584 3153 685 3197 natura
699 3138 845 3195 maiorum.

162 3218 263 3278 Quum
277 3219 371 3276 scelus
384 3218 546 3288 admittunt,
560 3228 688 3292 superest
701 3217 867 3273 constantio.
908 3211 990 3273 Quid
1004 3212 1045 3269 fas

161 3294 258 3366 Atque
272 3294 361 3364 nefus,
374 3294 489 3350 tandem
503 3294 644 3366 incipiunt
657 3293 761 3349 sentire
774 3290 896 3366 peractis

163 3369 350 3428 Criminibus.
395 3367 510 3425 Tamen
525 3369 560 3424 ud
575 3387 668 3424 mores
681 3377 782 3424 natura
795 3365 915 3425 recurrit

163 3448 330 3521 Dumnctos,
344 3447 402 3505 fixe
415 3455 444 3502 et
459 3445 560 3503 mutari
574 3445 680 3501 nescia.
721 3443 875 3518 Numquis
1092 3449 1152 3518 24ss

162 3527 308 3587 Peccandi
320 3525 406 3586 finem
420 3523 514 3602 posuit
526 3523 599 3582 sibit
620 3523 733 3599 quando
746 3523 854 3600 recepit

163 3605 296 3683 Ejectum
309 3605 397 3665 semel
411 3603 506 3663 attritu
521 3605 556 3663 de
571 3604 662 3663 fronte
676 3602 831 3661 ruboremt

162 3682 307 3743 Quisnam
320 3685 468 3744 hominurn
481 3695 535 3756 est,
548 3701 633 3759 quem
646 3693 678 3742 tu
692 3693 858 3752 contentum
871 3681 975 3750 videris
988 3700 1046 3753 unp

164 3757 306 3840 Flugiuot
346 3761 434 3832 Dabit
447 3762 477 3820 in
491 3761 624 3842 laqueum
637 3760 755 3840 vestigia
768 3772 863 3833 noster
