2494 4274
248 560 922 704 D.JUN11JUVENAils

503 879 667 925 nucinum

397 1101 770 1169 SATIRARUM

445 1353 549 1403 LIBER
564 1355 721 1406 TERTIUS.

345 1585 809 1602 m———m

455 1784 613 1846 SATIRA
634 1786 702 1846 VII.

125 1936 172 1998 Ea·
186 1958 260 2016 spes,
274 1951 303 1999 et
315 1941 386 2000 ratio
401 1942 558 2001 studiorum
572 1943 602 2003 in
617 1944 730 2002 Caesare
744 1917 856 2004 tantirm
870 1965 878 2004 t
1020 1931 1023 1938 ¹

87 2017 172 2076 Solus
186 2018 264 2076 enim
277 2019 370 2078 tristes
384 2020 440 2077 hiso
454 2032 620 2096 tempestate
634 2023 787 2080 Oamoenas
802 1985 999 2112 castum

87 2095 240 2173 Respexit,
253 2083 411 2174 quun‘i'iam
425 2098 561 2172 celebres,
575 2100 691 2175 notique
705 2104 798 2176 podtae

86 2173 256 2233 Balneolum
270 2175 381 2248 Gabiis,
395 2177 498 2234 Romae
512 2181 673 2237 conducere
688 2180 785 2237 furnos

86 2251 266 2322 Tentarent;
288 2274 342 2312 nec
356 2255 462 2312 foedum
476 2257 534 2328 alii,
550 2277 604 2315 nec
618 2268 699 2332 turpe
712 2269 844 2333 putarent
1052 2255 1076 2316 ὅ

86 2329 238 2390 Praecones
251 2333 323 2404 fieri,
337 2352 433 2408 quum,
447 2335 565 2392 desertis
579 2336 745 2411 Aganippes

85 2409 227 2483 Valiibus,
242 2411 370 2468 esuriens
384 2413 517 2488 migraret
530 2412 560 2468 in
574 2414 645 2470 atria
658 2414 730 2470 Clio.

85 2487 174 2560 Nam,
188 2490 212 2546 si
227 2489 321 2546 Pieriis
333 2491 475 2565 quadrans
489 2490 540 2548 tibi
554 2490 647 2546 nullus
661 2491 690 2546 in
705 2490 804 2546 umbri

85 2566 273 2640 Ostendetur,
288 2587 365 2624 ames
379 2587 483 2626 nomen
498 2569 658 2642 victumque
673 2565 837 2639 Machaerae,

85 2643 124 2702 Et
136 2647 244 2702 vendas
257 2643 360 2721 potids,
372 2647 522 2704 commissa
535 2647 610 2720 quod
624 2645 718 2703 auctio
731 2646 827 2704 vendit
1036 2647 1074 2706 lc

85 2724 244 2796 stantibus,
258 2726 453 2800 oenophorum,
466 2726 599 2800 tripodas,
614 2724 743 2797 armaria,
758 2725 854 2798 cistas,

86 2801 247 2876 Alcyonem
261 2801 360 2874 Pacci,
374 2803 490 2860 Thebas
504 2816 533 2860 et
546 2803 641 2862 Terea
655 2803 761 2861 Fausti.

87 2879 152 2937 Hoc
166 2880 264 2952 satius,
278 2878 362 2954 quim
377 2881 401 2936 si
414 2882 494 2938 dicas
508 2881 560 2938 sub
571 2883 680 2957 judice,
696 2882 773 2954 Vidi,

83 2956 174 3018 Quod
189 2977 246 3016 non
261 2958 362 3015 vidisti.
404 2957 525 3015 Faciant
538 2961 647 3033 equites
661 2959 763 3016 Asiani

83 3035 271 3112 Quanquam,
286 3046 315 3093 et
328 3036 515 3111 Cappadoces
527 3036 640 3104 faciant,
654 3036 818 3109 equitesque
832 3035 959 3110 Bithyni,
1034 3040 1037 3050 ’
1051 3039 1073 3094 ὅ

85 3114 185 3172 Altera
197 3132 267 3190 quos
280 3113 358 3170 nudo
374 3113 496 3167 traducit
508 3112 601 3167 Gallia
613 3110 677 3167 talo.
1067 3161 1070 3168 ,

85 3191 181 3250 Nemo
195 3203 290 3249 tamen
305 3189 406 3246 studiis
420 3188 568 3264 indignum
583 3188 655 3245 ferre
669 3186 796 3244 laborem

85 3270 211 3346 Cogetur
221 3270 349 3346 posthac,
364 3267 454 3324 nectit
463 3267 624 3342 quicunque
638 3265 751 3324 canoris
882 3306 889 3330 ,
1119 3323 1123 3330 ,

84 3346 237 3426 Quum
247 3345 348 3422 [99310
363 3346 463 3418 modis,
477 3345 643 3422 laurumque
658 3346 816 3404 momordit
834 3289 924 3417 loide
952 3366 956 3383 ¹
975 3357 979 3371 '
999 3356 1016 3408 ’.-
1041 3345 1094 3396 aad
1104 3361 1152 3398 “t''

85 3426 151 3486 Hoc
164 3426 251 3503 agite,
262 3445 280 3482 o
291 3425 428 3501 juvenes:
450 3425 652 3501 circumspicit,
666 3435 695 3482 et
709 3425 834 3483 stimulat
846 3400 924 3498 vdes
991 3409 1000 3454 Ι
1032 3425 1074 3484 2⁰

85 3503 292 3579 Materiemque
306 3504 358 3560 sibi
369 3504 460 3561 Ducis
474 3504 652 3580 indulgentia
665 3503 773 3576 quaerit.

85 3583 118 3642 Si
131 3602 188 3658 qua
201 3581 317 3639 aliunde
330 3591 413 3655 putas
427 3601 521 3638 rerum
535 3579 728 3654 exspectanda
740 3590 854 3635 tuarum

84 3660 231 3730 Presidia,
246 3669 330 3732 atque
345 3657 409 3714 ideo
424 3675 532 3716 croceae
547 3657 712 3714 membrana
723 3654 835 3712 tabellae

84 3737 224 3817 impletur
264 3736 407 3816 lignorum
421 3734 527 3808 aliquid
540 3751 626 3809 posce
639 3730 731 3807 ocids,
745 3744 783 3806 et,
797 3748 861 3808 quae
