2494 4274
181 231 222 290 02
493 231 525 280 D.
542 229 640 279 JUNll
656 229 852 279 JUVENALIS

182 370 255 429 Esse
265 370 351 430 velis:
371 389 426 430 nee
439 371 516 430 enim
530 371 646 430 loricam
660 373 751 447 poscit
765 371 887 429 Achillis

182 447 341 521 Thersites,
354 451 382 508 in
397 451 453 526 qud
467 469 497 507 se
511 451 712 508 transducebat
723 450 829 507 Ulixes.

183 528 347 604 Ancipitem
363 548 413 585 seu
427 540 458 586 tu
473 547 576 604 magno
589 529 751 586 discrimine
766 547 880 585 causam

183 605 334 683 Protegere
348 607 463 664 affectas
471 627 478 678 ;
499 617 528 664 te
542 607 669 678 consule,
684 607 730 663 dic
744 605 805 677 tibi,
819 607 866 681 qui
880 607 928 677 sis,

182 683 285 743 Orator
299 685 463 758 vehemens,
477 704 514 742 an
528 685 644 742 Curtius
657 694 686 742 et
699 683 800 741 Matho
813 685 920 742 buccae.

183 762 337 821 Noscenda
351 776 394 820 est
407 781 540 821 mensura
554 764 608 834 sui,
623 763 832 838 spectandaque
843 761 929 820 rebus

182 837 218 895 lu
233 842 350 898 summis
361 841 556 916 minimisque;
578 842 663 898 etiam
677 860 764 915 quum
779 841 864 916 piscis
877 851 998 914 emetur,

183 917 229 975 Ne
243 918 361 974 mullum
375 919 483 993 cupias,
497 937 583 994 quum
598 920 634 975 sit
647 920 698 976 tibi
711 921 795 994 gobio
809 917 919 976 tantiam

182 995 217 1052 ln
231 996 340 1054 loculis.
380 997 457 1058 Quis
469 998 547 1054 enim
561 1008 599 1069 te,
615 997 765 1054 deficiente
778 997 926 1069 crumenat,

183 1073 220 1130 Et
233 1085 379 1131 crescente
393 1075 470 1150 gals,
486 1086 581 1132 manet
593 1076 701 1145 exitus;
723 1095 778 1132 aere
791 1087 908 1150 paterno

183 1153 229 1209 Ac
242 1152 327 1209 rebus
342 1153 440 1210 mersis
454 1155 483 1210 in
497 1165 633 1224 ventrem,
649 1155 763 1211 soenoris
776 1165 859 1227 atque

183 1231 304 1306 Argenti
317 1232 419 1306 gravis,
429 1242 458 1289 et
471 1251 616 1308 pecorum,
630 1250 814 1307 agrorumque
829 1230 984 1304 capaceml

182 1307 303 1366 Talibus
316 1328 333 1366 a
347 1310 469 1366 dominis
483 1321 543 1378 post
556 1323 661 1366 cuncta
674 1309 840 1366 novissimus
853 1307 911 1365 exit

182 1388 325 1459 Annulus,
340 1399 369 1445 et
383 1388 471 1464 digito
485 1389 627 1446 mendicat
641 1388 729 1445 Pollio
742 1386 827 1442 nudo.

183 1465 249 1524 Non
263 1469 424 1543 praematuri
438 1467 558 1539 cineres,
573 1486 627 1522 nec
642 1467 725 1522 sarnus
740 1463 881 1534 acerbum

182 1543 331 1611 Luxuriae;
353 1547 402 1602 sed
418 1557 505 1603 morte
520 1543 609 1618 magis
620 1542 771 1598 metuenda
784 1553 924 1600 senectus.

182 1623 222 1678 Hi
237 1620 400 1697 pleriamque
415 1624 533 1697 gradus:
554 1621 695 1677 conducta
708 1620 831 1694 pecunia
844 1620 945 1678 Romae

183 1699 220 1756 Et
233 1717 327 1756 curam
342 1701 464 1757 dominis
478 1699 669 1756 consumitur:
691 1697 758 1754 inde
774 1699 822 1754 ubi
836 1697 963 1774 paullum,

182 1776 289 1835 Nescio
302 1778 378 1852 quid,
393 1790 528 1852 superest,
543 1787 571 1831 et
583 1775 668 1850 pallet
683 1777 795 1833 soenoris
809 1789 915 1848 auctor,

180 1855 242 1916 Qui
256 1856 365 1912 vertere
376 1857 475 1925 solum,
490 1854 574 1911 Baias
588 1865 616 1910 et
630 1855 664 1910 ad
678 1866 770 1912 ostrea
784 1867 909 1913 currunt.

182 1934 293 1991 Cedere
307 1953 427 2009 namque
442 1934 500 1990 loro
512 1933 570 2008 jam
585 1951 642 1989 non
656 1943 699 1990 est
709 1934 843 2006 deterius,
857 1931 942 2011 qudm

182 2011 323 2088 Esquilias
337 2033 352 2070 a
366 2013 482 2070 ferventi
497 2012 617 2087 migrare
632 2012 753 2068 Subura.

181 2089 233 2146 Ille
248 2091 324 2148 dolor
339 2091 414 2147 solus
427 2090 545 2165 patriam
560 2090 743 2164 fugientibus,
758 2091 805 2148 illa

182 2167 317 2225 Moestitia
331 2180 382 2239 est,
397 2167 521 2224 caruisse
535 2187 611 2224 anno
625 2167 808 2225 Circensibus
822 2187 888 2226 uno.

182 2245 335 2322 Sanguinis
349 2247 377 2302 in
392 2245 464 2302 facie
478 2265 536 2302 non
551 2246 638 2302 haeret
651 2257 745 2320 gutta:
767 2259 911 2304 morantur

181 2323 268 2382 Pauci
282 2324 432 2381 ridiculum
446 2323 626 2400 effugientem
642 2344 675 2380 ex
692 2325 765 2382 Urbe
777 2326 921 2400 pudorem.

220 2401 373 2478 Experidre
387 2403 480 2475 hodie,
495 2404 621 2477 nunquid
636 2404 824 2478 pulcherrima
837 2405 925 2476 dictu,

181 2481 303 2552 Persice,
316 2503 371 2540 non
386 2493 514 2557 praestem
530 2483 586 2540 vital
600 2483 641 2538 vel
658 2485 781 2540 moribus
795 2495 823 2540 et
837 2502 882 2551 re;

181 2562 239 2617 Sed
252 2561 364 2616 laudem
378 2560 491 2634 siliquas
505 2561 633 2618 occultus
647 2579 738 2634 ganeo
750 2581 756 2628 ;
778 2562 870 2636 pultes

180 2639 283 2695 Coram
299 2639 359 2694 aliis
371 2639 474 2694 dictem
490 2657 586 2711 puero,
602 2640 652 2694 sed
667 2639 696 2695 in
711 2659 778 2695 aure
792 2641 938 2714 placentas

180 2715 266 2786 Nam,
281 2734 366 2788 quum
382 2715 420 2770 sis
433 2715 550 2771 conviva
564 2717 632 2772 milri
647 2719 808 2790 promissus,
823 2718 941 2775 habebis

180 2793 353 2863 Evandrum,
369 2793 463 2848 venies
478 2792 654 2866 Tirynthius,
669 2805 716 2849 aut
732 2795 821 2852 minor
836 2796 883 2854 illo

180 2869 305 2946 Hospes,
315 2883 344 2927 et
357 2871 417 2946 ipsc
431 2880 525 2926 tamen
540 2872 709 2946 contingens
723 2873 862 2948 sanguine
876 2875 995 2931 caelum·

179 2949 260 3006 Alter
274 2948 362 3025 aquis,
377 2949 446 3007 alter
460 2948 580 3007 flammis
594 2952 629 3007 ad
644 2950 737 3008 sidera
751 2952 860 3008 missus.

179 3027 301 3086 Fercula
315 3049 392 3086 nunc
405 3029 471 3087 audi
486 3029 571 3086 nullis
584 3041 682 3088 ornata
695 3030 828 3088 macellis.

178 3106 223 3165 De
237 3107 390 3166 Tiburtino
404 3109 498 3166 veniet
510 3109 712 3185 pinguissimus
727 3129 794 3184 agro

178 3186 326 3258 Haedulus,
340 3199 369 3243 et
382 3197 539 3261 toto,grege
553 3188 671 3256 mollior,
686 3188 792 3244 inscius
807 3187 911 3256 herbae,

178 3261 312 3318 Necdum
326 3281 410 3319 ausus
423 3263 516 3334 virgas
530 3264 644 3318 humilis
657 3265 785 3320 mordere
799 3263 901 3331 salicti,

176 3338 238 3400 Qui
251 3339 314 3413 plus
327 3339 407 3396 lactis
421 3337 514 3406 babet,
528 3335 613 3410 qudm
626 3339 788 3410 sanguinis,
810 3348 839 3396 et
852 3337 979 3397 montani

177 3417 327 3494 Asparagi,
342 3415 432 3490 posito
444 3431 514 3489 quos
526 3413 595 3489 legit
608 3413 701 3472 villica
715 3416 784 3472 suso.

176 3495 305 3554 Grandia
317 3507 451 3570 praeterea
464 3503 591 3567 tortoque
605 3492 727 3549 calentia
740 3493 815 3552 freno

177 3574 241 3630 Ova
254 3575 356 3630 adsunt
368 3573 433 3648 ipsis
447 3591 513 3630 cum
527 3571 672 3642 matribus,
687 3583 715 3629 et
726 3584 841 3631 servatae

177 3649 261 3706 Parte
276 3653 352 3720 anni,
367 3650 463 3725 quales
477 3651 588 3708 luerent
601 3649 631 3707 in
645 3651 757 3723 vitibus,
772 3670 853 3710 uvae:

178 3727 333 3801 Signinum
348 3729 516 3802 Syriumque
529 3746 639 3804 pyrum,
654 3729 690 3787 de
704 3731 836 3788 corbibus
849 3729 941 3789 isdem

1130 763 1173 818 35

1126 1153 1168 1210 4⁰
