2494 4274
165 261 206 320 ω
476 256 508 304 D.
527 256 623 306 JUNll
640 253 835 304 JUVENALlS

165 397 241 456 Tres
254 396 339 455 habet
352 396 486 454 heredes.
528 397 612 454 Libet
625 405 798 470 exspectare,
812 393 875 470 quis
889 411 994 472 egram

169 475 205 534 Et
218 476 397 533 claudentem
411 475 508 534 oculos
521 475 655 550 gallinam
669 473 815 548 impendat
828 474 921 532 amico

166 552 242 610 Tam
256 553 351 610 sterili.
392 551 501 610 Verbm
515 554 576 610 haec
590 551 679 608 nimia
692 562 735 608 est
748 552 892 626 impensa:
914 549 1044 612 coturnix
1114 553 1161 610 95

166 630 256 689 Nulla
270 649 393 706 unquam
406 649 457 706 pro
469 642 548 706 patre
562 630 653 686 cadet.
694 629 808 686 Sentirc
821 629 945 688 calorem

166 709 199 768 si
213 709 298 786 coepit
311 708 437 783 locuples
450 709 603 780 Gallita,et
617 707 748 778 Paccius,
761 706 834 778 orbi,

165 783 308 862 :legitime
322 786 385 843 lixis
399 787 514 846 vestitur
528 797 586 845 tota
598 785 708 843 tabellis

165 863 313 922 Porticus:
334 863 483 936 exsistunt,
496 865 545 937 qui
557 863 721 938 promittant
735 861 932 934 hecatomben,

164 940 320 1001 Quatenus
330 939 379 997 hic
393 959 450 998 non
465 952 531 998 sunt
545 959 599 997 nec
613 940 727 996 venales
740 940 894 1014 elephanti,
1097 941 1157 998 100

165 1017 232 1075 Nec
246 1017 338 1089 Latio,
353 1029 402 1075 aut
415 1035 533 1092 usquam
547 1029 643 1076 nostro
658 1017 817 1074 subsidere
831 1018 895 1076 talis

166 1096 266 1154 Bellua
278 1095 452 1170 concipitur;
473 1097 524 1152 sed
539 1095 618 1153 furva
630 1105 715 1170 gente
729 1096 816 1170 petita

165 1173 324 1231 Arboribus
338 1173 456 1231 Rutulis
469 1185 497 1231 et
511 1173 604 1232 Turni
618 1174 742 1248 pascitur
757 1193 835 1248 agro,

165 1252 289 1309 Cesaris
304 1264 471 1324 armentum,
486 1253 557 1309 nulli
571 1252 674 1308 servire
688 1261 816 1325 paratum

166 1329 298 1388 Privato:
321 1330 459 1405 siquidem
473 1328 563 1404 Tyrio
575 1349 673 1404 parere
688 1329 817 1387 solebant
1094 1331 1155 1388 105

166 1407 333 1480 Hannibali,
347 1419 375 1465 et
389 1409 491 1466 nostris
505 1408 636 1480 ducibus,
650 1408 764 1483 regique
779 1406 914 1480 Molosso,

166 1485 278 1544 Horum
292 1487 423 1562 majores,
437 1506 472 1544 ac
486 1488 568 1544 dorso
583 1485 654 1544 ferre
668 1486 807 1556 cohortes,

166 1564 279 1623 Partem
294 1565 415 1639 aliquam
430 1564 506 1634 belli,
520 1575 549 1622 et
561 1575 676 1620 euntem
691 1564 719 1620 in
734 1564 830 1638 proelia
843 1563 950 1622 turrim.

166 1641 257 1699 Nulla
269 1641 354 1716 igitur
368 1660 446 1699 mora
459 1662 509 1716 per
523 1641 657 1712 Novium,
672 1659 750 1698 mora
764 1642 842 1700 nulla
853 1661 903 1718 per
917 1640 1047 1700 Histrum

166 1718 334 1790 Pacuvium,
349 1719 417 1792 quin
433 1719 501 1776 illud
515 1719 585 1775 ebur
598 1720 718 1776 ducatur
732 1720 768 1776 ad
783 1739 854 1791 eras,
1094 1721 1155 1778 110

166 1796 205 1854 Et
218 1797 301 1854 cadat
315 1806 381 1852 ante
395 1794 468 1853 lares
481 1797 602 1868 Gallim,
617 1797 731 1854 victima
744 1797 803 1854 sola

166 1873 270 1932 Tantis
284 1874 371 1949 digna
384 1874 454 1946 deis,
469 1885 497 1931 et
510 1875 699 1950 captatoribus
713 1877 821 1932 horum.

166 1953 248 2012 Alter
261 1953 348 2023 enim,
362 1951 386 2008 si
400 1955 541 2010 concedas
556 1965 688 2026 mactare,
702 1954 811 2012 vovebit

166 2030 212 2089 De
226 2049 313 2106 grege
327 2049 469 2088 servorum
483 2052 588 2107 magna
602 2044 649 2090 ant
663 2032 853 2107 pulcherrima
865 2049 983 2107 quaeque

166 2109 306 2183 Corpora;
328 2108 370 2163 vel
386 2109 480 2181 pueris
493 2121 522 2167 et
536 2111 674 2168 frontibus
689 2111 855 2166 ancillarum
1093 2110 1154 2168 115

166 2185 298 2260 Imponet
311 2185 392 2241 vittas
404 2204 411 2252 ;
433 2197 470 2256 et,
485 2188 507 2242 si
521 2206 576 2261 qua
589 2199 633 2246 est
646 2189 751 2245 nubilis
764 2187 804 2244 illi

167 2261 317 2338 Iphigenia
330 2261 416 2332 domi,
431 2262 508 2321 dabit
522 2265 597 2322 hano
611 2266 759 2334 altaribus;
781 2265 834 2322 etsi

166 2341 234 2399 Non
249 2351 341 2415 sperat
354 2339 468 2414 tragicae
483 2341 582 2400 furtiva
595 2345 706 2420 piacula
717 2362 814 2402 cervae.

166 2418 267 2477 Laudo
280 2436 376 2474 meum
389 2419 491 2489 civem,
506 2439 560 2476 nec
573 2441 705 2498 comparo
718 2431 886 2480 testamento

167 2496 248 2555 Mille
261 2507 351 2554 rates:
372 2516 448 2568 nam,
463 2496 486 2552 si
501 2497 654 2557 Libitinam
668 2502 786 2558 evaserit
798 2519 881 2577 aeger,
1094 2500 1153 2558 lac

167 2575 281 2634 Delebit
295 2575 413 2646 tabulas,
428 2575 554 2632 inclusus
567 2597 680 2635 carcere
693 2599 795 2650 nassae,

167 2653 234 2711 Post
248 2653 379 2710 meritum
390 2649 459 2708 sanc
474 2653 643 2724 mirandum,
655 2667 737 2728 atque
750 2656 847 2713 omnia
861 2655 913 2715 soli

169 2731 279 2787 Forsan
293 2728 416 2784 Pacuvio
430 2729 550 2784 breviter
564 2731 650 2786 dabit.
692 2733 745 2788 llle
759 2733 896 2807 superbus

167 2806 288 2864 Incedet
301 2805 381 2862 victis
394 2805 534 2860 rivalibus.
577 2804 654 2880 Ergd
669 2808 756 2879 vides,
770 2808 855 2882 quiam

166 2883 283 2942 Grande
296 2901 387 2958 operae
401 2883 521 2958 pretium
537 2883 621 2941 saciat
632 2885 761 2959 jugulata
774 2885 913 2960 Mycenis.
1094 2889 1153 2948 1525

206 2961 292 3018 Vivat
306 2961 456 3032 Pacuvius,
470 2980 574 3036 quaeso,
589 2962 631 3019 vel
646 2962 767 3020 Nestora
781 2975 885 3023 totum:

167 3039 322 3113 Possideat,
336 3051 473 3115 quantum
486 3041 579 3115 rapuit
592 3041 687 3098 Nero:
709 3041 851 3100 montibus
865 3063 965 3101 aurum

166 3117 319 3199 Exoequet;
340 3137 396 3178 nec
410 3131 485 3178 amet
497 3139 668 3195 quenquam,
682 3139 737 3178 nec
751 3131 859 3178 ametur
872 3122 908 3178 ab
922 3121 998 3178 ullol
