2494 4274
468 255 471 260 '
508 244 632 294 st'rtttt
650 245 710 296 Vll.

106 383 203 444 Nosse
218 386 305 446 velint
317 405 427 458 omnes,
442 388 604 445 mercedem
618 388 726 447 solvere
740 407 834 448 nemo.

105 464 271 524 Mercedem
286 465 427 541 appellasl
447 465 515 541 quid
529 467 607 524 enirn
621 467 700 526 sciol
741 467 797 526 Cul
847 466 978 528 docentis

105 543 224 601 Scilicet
238 545 375 620 arguitur,
391 542 467 620 qudd
481 545 552 602 lnvd
566 545 595 602 in
609 556 689 620 parte
702 547 835 604 mamilae

104 622 154 679 Nil
169 623 236 680 salit
250 621 395 680 Arcadico
404 623 512 698 juveni,
527 622 610 699 cujus
623 624 694 680 mihi
708 624 788 681 sexta
1037 624 1094 685 16⁰

103 699 230 775 Quaque
245 702 292 759 die
306 701 440 758 miserum
453 702 532 760 dirus
542 711 629 777 caput
642 701 790 760 Hannibal
803 702 842 760 im
862 702 917 773 let;

102 779 255 854 Quidquid
270 781 299 837 id
313 791 365 852 est,
380 781 416 837 de
429 799 485 855 quo
498 780 645 851 deliberat,
659 799 696 838 an
710 791 788 856 petat
800 721 908 839 Urburr

104 858 132 913 A
148 857 270 930 Cannis,
284 877 321 915 an
334 868 397 934 post
409 859 520 916 nimbos
533 869 563 916 et
577 858 695 916 hrlmina
709 870 811 918 cautus

103 935 278 1012 Cicumagat
291 937 419 994 madidas
432 956 449 994 a
462 947 628 1013 tempestate
641 938 781 996 cobortes.

101 1012 256 1076 Quantum
271 1016 312 1073 vis
325 1015 470 1090 stipulare,
485 1026 513 1073 et
525 1027 660 1091 protenus
673 1016 783 1092 accipe,
796 1015 872 1092 qrrod
885 1015 933 1092 du,
1036 1015 1094 1076 165

103 1091 143 1149 Ut
156 1094 239 1151 toties
253 1094 332 1151 illum
346 1105 424 1170 pater
438 1093 544 1152 audiat.
585 1094 660 1152 Haec
672 1095 720 1152 alii
733 1113 785 1152 sex

104 1171 158 1228 Vel
174 1172 270 1246 plures
283 1192 341 1230 uno
351 1174 532 1230 conclamant
544 1191 594 1230 ore
608 1173 750 1249 sophista,

103 1249 143 1306 Et
156 1269 236 1307 veras
250 1251 357 1327 agitant
370 1251 444 1324 lites,
458 1262 568 1327 raptore
581 1252 696 1321 relicto;

103 1327 183 1386 Fusa
195 1348 305 1386 venena
318 1329 413 1400 silent,
427 1329 519 1386 malus
532 1329 714 1404 ingratusque
727 1328 857 1402 maritus,

102 1405 142 1463 Et
155 1425 218 1502 <pua
229 1407 287 1481 jam
299 1419 408 1464 veteres
421 1416 524 1463 sanant
536 1406 668 1462 mortaria
682 1422 781 1462 cecos.

102 1483 182 1560 Ergo
197 1486 251 1543 sibi
265 1486 343 1543 dabit
356 1485 417 1561 ipse
430 1483 541 1553 rudem,
555 1482 579 1538 si
592 1492 688 1539 nostra
702 1483 855 1542 movebunt

102 1563 241 1635 Consilia,
254 1575 283 1621 et
296 1565 361 1622 rita
375 1563 518 1620 diversum
534 1561 586 1618 iter
600 1560 786 1635 ingredietur,

101 1642 151 1698 Ad
165 1661 290 1718 pugnam
304 1642 352 1717 qui
366 1640 507 1699 rhetorica
520 1640 668 1697 descendit
681 1640 718 1698 ab
731 1639 841 1714 umbri,

101 1721 253 1778 Summula
267 1740 303 1778 ne
318 1731 422 1796 pereat,
437 1719 493 1794 qud
507 1718 569 1776 vilis
583 1729 689 1777 tessera
702 1719 780 1777 venit

101 1797 269 1857 Frumenti:
290 1800 393 1875 quippe
407 1799 469 1854 haec
484 1816 594 1855 merces
607 1797 772 1855 lautissima.
813 1796 920 1871 Teuta,

101 1877 308 1954 Chrysogonus
320 1877 419 1952 quanti
433 1877 543 1946 doceat,
558 1876 600 1933 vel
615 1876 705 1934 Pollio
719 1877 818 1952 quanti

100 1955 258 2014 Lautorum
272 1974 383 2031 pueros,
398 1965 487 2011 artem
501 1954 637 2011 scindens
650 1953 804 2013 Theodori.

100 2033 211 2091 Balnea
222 2033 375 2106 sexcentis,
389 2043 418 2090 ct
431 2032 519 2108 pluris
532 2032 667 2108 porticus,
681 2032 711 2090 in
724 2033 781 2108 qud

99 2114 236 2171 Gestetur
249 2113 390 2184 dominus,
404 2112 514 2188 quotics
526 2112 606 2187 pluit.
648 2113 735 2170 Anne
750 2129 883 2170 serenum

100 2191 265 2268 Exspectat,
280 2203 448 2267 spargatque
461 2191 520 2248 luto
538 2192 667 2267 jumenta
680 2191 812 2248 recentil

102 2269 161 2328 llic
175 2267 287 2346 potius:
308 2289 430 2346 namque
444 2269 493 2326 hic
506 2271 620 2328 mundae
634 2271 707 2328 nitet
719 2269 828 2344 ungula
841 2267 935 2331 mulo.

99 2349 184 2406 Parte
199 2349 256 2405 alit
269 2349 361 2425 longis
375 2348 566 2406 Numidarum
580 2348 649 2405 sulta
662 2347 803 2405 columnis

100 2427 216 2504 Surget,
230 2437 259 2485 et
272 2428 414 2504 algentem
428 2428 518 2502 rapiat
531 2426 653 2484 coenatio
666 2424 762 2481 solem.

99 2506 328 2581 Quanticunque
342 2507 453 2576 domus,
464 2506 569 2576 veniet,
583 2504 631 2578 qui
646 2499 752 2558 fercula
766 2496 850 2556 doctd

99 2585 276 2661 Componat;
298 2585 401 2657 veniet,
415 2585 463 2660 qui
477 2581 666 2660 pulmentaria
678 2577 791 2636 condat.

99 2663 164 2721 Hos
179 2665 252 2722 inter
266 2675 394 2740 sumptus
405 2663 534 2721 sestertia
546 2659 736 2730 Quintiliano,
763 2735 768 2747 ι
825 2733 831 2746 ι

98 2741 138 2800 Ut
151 2742 283 2816 multum,
297 2744 354 2800 duo
368 2742 516 2801 sufficient.
558 2740 620 2799 Res
634 2737 711 2798 nulla
731 2754 848 2796 minoris

71 2831 75 2842 '
98 2821 252 2879 Constabit
265 2822 346 2897 patri,
360 2820 446 2898 qudm
460 2821 556 2880 liliust
584 2819 667 2877 Unde
681 2817 767 2892 igitur
780 2824 821 2873 tot

98 2900 298 2961 Quintilianus
311 2901 397 2959 habet
411 2901 518 2958 saltusl
559 2895 698 2971 Exempla
711 2911 848 2952 novorum

99 2979 237 3037 Fatorum
251 2979 357 3038 trani:
379 2979 455 3051 felix,
469 2991 498 3036 et
510 2977 638 3051 pulcher,
652 2985 681 3030 ct
694 2990 759 3028 acer
771 2989 778 3038 ;

98 3056 192 3129 Felix,
207 3070 236 3116 et
249 3057 372 3135 sapiens,
386 3068 415 3114 et
429 3055 541 3123 nobilis,
554 3063 583 3108 et
596 3066 750 3125 generosus

99 3136 268 3211 Appositum
283 3136 373 3212 nigrae
388 3135 484 3191 lunam
498 3128 622 3187 subtexit
632 3125 738 3216 alutam

99 3214 192 3290 Felix,
205 3227 297 3274 orator
311 3231 422 3291 quoque
436 3208 575 3268 maximus
588 3216 617 3264 et
627 3203 765 3294 jaculator
773 3220 782 3272 3
905 3221 916 3267 s

99 3291 146 3366 Et,
161 3295 184 3352 si
198 3294 335 3372 psrhixjt,
350 3301 447 3352 cantat
462 3289 543 3347 bene.
584 3285 679 3344 Distat
691 3301 780 3355 enim,
794 3299 858 3360 qun
891 3315 909 3346 „r
923 3301 1014 3346 lau<
1048 3327 1054 3345 ι

99 3371 201 3430 Sidera
214 3385 243 3431 te
256 3373 399 3450 excipiant
412 3366 497 3430 modd
511 3366 616 3443 primos
629 3364 814 3442 incipientem

98 3448 193 3510 Edere
206 3453 326 3529 vagitus,
336 3463 366 3512 et
378 3451 472 3510 adbuc
485 3457 604 3507 amatre
617 3445 775 3504 rubentem.

99 3529 132 3587 Si
145 3527 274 3589 Fortuna
287 3531 370 3601 volet,
384 3530 434 3588 fies
447 3529 484 3586 de
497 3527 609 3585 rhetore
622 3522 742 3582 oonsiil:

100 3607 131 3665 Si
145 3609 220 3668 volet
234 3611 296 3667 haec
309 3607 419 3677 eadem,
432 3606 484 3663 lies
497 3606 533 3662 de
547 3601 664 3662 consule
678 3599 780 3656 rhetor.

98 3687 252 3747 Ventidius
263 3686 330 3763 quid
344 3683 443 3742 enimi
463 3684 531 3756 quid
545 3679 680 3738 Tullius‘l
700 3695 775 3738 anne
788 3677 877 3752 eliud,
890 3673 977 3756 quim

100 3767 196 3842 Sidus,
210 3778 241 3826 et
251 3763 356 3892 mlii
366 3761 500 3876 pinon
511 3758 638 3838 potentia
650 3755 722 3816 satit
1023 3753 1084 3811 20⁰
