2494 4274
494 234 618 284 sirmi
640 234 687 284 vr.
1046 237 1087 298 25

90 376 197 443 Aptior
210 377 282 435 hora
294 375 370 447 cibo,
386 376 441 434 nisi
455 395 538 450 quam
553 378 664 434 dederit
678 377 820 436 Petosiris.
1025 377 1085 439 466

129 456 167 514 Si
180 454 334 512 mediocris
348 455 417 523 erit3
439 455 561 530 spatium
574 455 703 514 lustrabit
716 457 848 532 utrinque

90 532 251 604 Metarum‚
265 544 294 590 et
307 543 396 591 sortes
409 534 506 603 ducet,
521 534 697 608 frontemque
712 550 888 609 manumque

88 611 237 670 Praebebit
251 612 307 670 rati
320 612 451 669 crebrum
465 630 620 686 poppysma
630 612 749 688 roganti.

89 689 239 748 Divitibus
252 709 386 764 responsa
400 691 509 746 dabunt
523 689 618 765 Phryx
632 708 722 766 augur
735 701 765 748 et
777 688 869 747 Indus

89 769 277 840 conductus,
291 769 369 826 dabit
382 781 521 826 astrorum
535 770 692 843 mundique
705 770 823 844 peritus,
1025 767 1086 826 4⁷0

90 850 192 921 Atque
206 847 308 922 uliquis
322 847 426 918 senior,
439 847 488 921 qui
502 847 617 922 publica
632 848 743 924 fulgura
757 848 863 906 condit

91 925 246 983 Plebeium
260 927 290 982 in
305 925 383 983 circo
396 927 518 1001 positum
531 937 617 983 estet
631 926 661 984 in
675 944 779 1002 aggere
795 926 891 985 fctum.

89 1003 171 1065 Quae
187 1003 274 1064 nullis
286 1002 404 1079 longum
415 1004 539 1062 ostendit
549 1005 708 1062 cervicibus
721 1023 834 1078 aurum,

90 1082 228 1141 Consulit
242 1094 308 1139 ante
323 1083 432 1158 phalas,
446 1081 700 1158 delphinorumque
713 1082 872 1156 columnus,

92 1162 144 1218 An
159 1179 229 1236 saga
241 1161 377 1219 vendenti
390 1162 479 1218 nubet
497 1178 626 1236 caupone
640 1162 747 1220 relicto.

134 1240 192 1296 He
205 1251 301 1296 tamen
315 1251 345 1298 et
357 1241 454 1316 partris
468 1240 592 1297 subeunt
605 1240 770 1312 discrimen,
784 1251 814 1299 et
826 1257 926 1299 omnes

93 1317 226 1376 Nutricis
239 1318 370 1390 tolerant,
385 1319 497 1378 fortunii
511 1330 662 1394 urguente,
676 1319 807 1389 labores3

94 1397 154 1453 Sed
167 1397 245 1472 jacet
258 1406 357 1455 sumto
370 1397 417 1453 vix
429 1395 489 1452 ulla
498 1415 638 1492 puerpera
651 1396 734 1454 lecto.

93 1474 225 1533 Tantum
239 1487 313 1533 artes
327 1474 422 1550 hujus,
437 1485 548 1531 tantum
561 1473 753 1530 medicamina
765 1484 936 1550 possunt.-

135 1555 267 1612 Transeo
280 1553 448 1630 suppositos,
459 1564 489 1611 et
497 1553 612 1628 gaudia,
626 1563 745 1626 votaque
758 1550 835 1628 saepri

94 1633 143 1691 Ad
158 1651 275 1708 spurcos
288 1631 512 1708 deceptatione,
526 1644 611 1706 atque
625 1632 692 1689 inde
705 1631 809 1706 petitos

94 1711 260 1784 Pontifices,
275 1711 377 1784 Salios,
392 1711 565 1769 Scaurorum
579 1711 696 1768 nomina
710 1710 781 1768 falso

95 1791 223 1867 Corpore
237 1792 351 1849 laturos.
393 1791 456 1848 Stet
469 1789 597 1848 Fortuna
611 1790 739 1865 improba
752 1800 851 1863 noctu,

95 1870 238 1928 Arridens
250 1870 336 1927 nudis
349 1869 513 1927 infantibus.
554 1869 617 1926 Hos
630 1869 704 1926 soret
717 1887 826 1942 omnes,

11 1959 12 1964 ’
95 1947 273 2022 Involvitque
287 1948 370 2006 sinu:
391 1947 523 2005 domibus
536 1957 606 2003 tunc
619 1947 738 2022 porrigit
752 1948 825 2019 altis,

96 2027 303 2101 Secretumque
318 2026 371 2083 sibi
385 2026 504 2082 mimum
518 2037 605 2102 parat.
647 2025 710 2083 Hos
724 2036 809 2097 amet,
824 2025 868 2082 hit
881 2043 912 2084 se

96 2105 216 2182 Ingerit,
231 2117 317 2182 utque
331 2105 508 2162 suosridens
521 2104 652 2180 producit
665 2105 804 2162 alumnos.

134 2185 195 2242 Hic
209 2185 334 2260 magicos
348 2184 428 2242 affert
440 2195 552 2254 cantus,
568 2184 614 2240 hic
629 2183 770 2241 Thessala
786 2183 883 2241 rendit

95 2263 215 2334 Philtra,
229 2264 332 2338 quibus
345 2263 437 2320 vnleet
450 2273 575 2319 mentem
590 2281 691 2320 vexere
705 2262 848 2320 mariti.-

96 2341 170 2400 Inde
185 2341 275 2398 animi
289 2341 391 2417 caligo,
405 2352 435 2398 et
448 2359 553 2416 magna
565 2341 668 2398 oblivio
682 2359 788 2412 rerum,

95 2421 179 2482 Quas
192 2418 277 2478 modii
292 2421 411 2496 gessisti.
453 2418 567 2475 Tamen
581 2419 636 2474 hoc
648 2419 805 2488 tolerabile,
818 2419 911 2476 sinon

96 2499 134 2557 Et
148 2499 242 2556 furere
256 2499 386 2573 incipias,
401 2507 433 2555 ut
443 2496 602 2554 avunculus
617 2496 665 2552 ille
678 2495 813 2567 Neronis,

96 2577 153 2635 Cui
167 2589 256 2636 totam
268 2577 381 2635 tremuli
397 2578 518 2634 frontem
533 2574 666 2632 Caesoniu
679 2573 749 2650 pulli

96 2656 214 2714 Insudit.
254 2657 332 2718 Quae
345 2676 403 2714 non
418 2655 513 2726 faciet,
526 2655 602 2728 quod
616 2654 756 2730 Principis
769 2653 860 2712 uxorl

97 2736 245 2793 Ardebant
258 2745 372 2806 cuncta,
386 2745 414 2792 et
428 2733 517 2792 fracti
531 2753 667 2810 compage
681 2734 811 2805 ruebant,

97 2813 164 2871 Non
179 2814 269 2886 aliter,
283 2811 367 2888 qutm
384 2815 407 2870 si
422 2813 534 2870 lecisset
547 2811 565 2868 J
568 2832 624 2870 uno
638 2814 769 2870 maritum

98 2891 243 2950 Insanum.
285 2889 385 2950 Minus
398 2889 467 2968 ergb
482 2910 589 2948 nocens
603 2893 657 2949 erit
670 2891 837 2967 Agrippina

97 2971 232 3028 boletus:
253 2969 391 3045 siquidem
407 2971 492 3026 unius
505 2970 661 3045 praecordia
674 2969 776 3044 pressit

98 3047 152 3107 Ille
165 3049 251 3120 senis,
265 3048 472 3122 tremulumque
486 3057 572 3120 caput
584 3047 758 3102 descendere
770 3044 854 3117 jussit

99 3126 134 3186 In
149 3129 262 3199 coelnm,
276 3137 306 3182 et
316 3126 431 3200 longam
446 3122 590 3179 manantia
603 3123 682 3177 labra
695 3121 819 3177 salivam.

99 3206 171 3262 Haec
183 3206 274 3282 poscit
287 3204 393 3261 serrum
408 3212 490 3276 atque
504 3199 595 3274 ignes,
610 3201 672 3256 hec
684 3198 761 3276 potio
774 3207 904 3274 torquet:

99 3283 171 3342 Haec
181 3284 288 3341 lacerat
301 3282 404 3339 mixtos
417 3279 553 3354 Equitum
566 3297 632 3337 oum
647 3278 786 3355 sanguine
800 3275 906 3338 Patres.

98 3361 186 3420 Tanti
200 3373 296 3438 partus
309 3361 404 3436 equae!
426 3358 524 3434 quanti
540 3377 597 3415 una
609 3358 736 3416 venefico
749 3360 880 3417 constatl

135 3440 269 3498 Oderunt
282 3450 363 3497 natos
377 3438 413 3496 de
425 3438 546 3515 pellice;
568 3456 652 3496 nemo
666 3447 813 3512 repugnet,

99 3518 192 3577 Nemo
205 3529 299 3575 vetet:
318 3517 446 3592 jamjam
460 3516 619 3593 privignum
633 3516 765 3572 occidere
781 3515 821 3570 las
835 3526 885 3571 est

99 3598 156 3656 Vos
170 3614 234 3672 ego,
248 3595 358 3672 pupilli,
373 3613 482 3665 moneo,
496 3594 598 3669 quibus
612 3590 729 3664 amplior
742 3600 786 3645 est
799 3609 854 3662 res,

100 3675 247 3732 Custodite
259 3671 380 3740 animas,
394 3681 423 3726 et
436 3673 506 3726 nulli
520 3669 627 3724 credite
642 3683 756 3723 mensae.

101 3751 199 3813 Livide
213 3763 342 3810 materno
356 3747 464 3806 servent
477 3746 589 3822 adipata
603 3763 719 3803 veneno.
