2494 4274
507 243 631 292 santur
651 245 709 294 Vll.

104 380 132 438 N
137 399 185 439 am
198 381 222 440 si
236 382 359 459 Virgilio
373 402 443 459 puer
457 394 486 442 et
499 384 645 444 tolerabile
659 388 771 446 deemet

40 531 45 540 Ι
103 459 282 535 Hospitium,
297 462 433 520 caderent
445 481 545 520 omnes
559 483 576 520 a
589 466 715 523 crinibus
727 467 808 541 hjdn
818 485 892 535 :prta
902 468 955 538 Μ

18 547 49 610 „J
70 590 86 610 Ὗ,
103 540 126 592 S
214 540 285 596 nihil
300 551 426 615 gemeret
438 559 524 616 grave
540 538 670 600 buccina'.
711 544 870 616 Poscimus,
884 555 916 603 ut
928 545 966 604 sit
1037 583 1042 594 ·

138 637 177 674 on
192 617 286 676 minor
300 619 415 693 antiquo
429 618 586 676 Rubrenus
599 619 697 696 Lappa
712 623 861 697 cothurno,
871 613 919 666 ln'n
930 639 979 697 ps
1002 641 1051 670 ius
1072 643 1110 668 ιυ
1128 654 1132 664 .

102 695 199 770 Cujus
213 707 242 753 et
256 697 378 754 alveolos
391 707 420 754 et
433 696 535 754 laenam
548 698 679 772 pignerat
693 701 806 756 Atreus.

104 773 175 830 Non
191 774 276 831 habet
290 774 387 831 infelix
403 773 547 846 Numitor,
560 777 636 849 quod
650 777 743 834 mittat
757 777 852 837 amico

103 851 258 911 Quintillae
271 853 347 926 quod
360 853 457 923 donet,
472 853 576 920 habet3
592 871 648 910 nec
661 853 752 912 defuit
765 855 816 926 illi,

104 929 191 986 Unde
205 940 313 986 emeret
326 929 416 986 munt
429 930 603 1004 poscendum
617 949 704 988 carne
718 932 830 991 leonem

104 1007 123 1062 J
126 1025 173 1063 am
187 1008 343 1065 domitum:
364 1018 474 1064 constat
482 1007 579 1066 leviori
595 1008 688 1066 bellue
701 1023 816 1087 sumptu

105 1085 262 1156 Nimirum,
276 1096 305 1142 et
318 1085 434 1161 capiunt
447 1085 512 1161 plus
526 1086 659 1144 intestina
672 1091 771 1162 poste.

105 1165 269 1221 Contentus
284 1164 358 1222 samii
369 1162 464 1237 jaceat
477 1163 613 1221 Lucanus
626 1164 655 1221 in
670 1166 757 1224 hortis

106 1241 293 1300 Marmoreis:
314 1252 343 1299 at
357 1243 479 1327 §emano
492 1242 629 1318 tenuique
644 1243 738 1302 Saleio

106 1320 205 1377 Gloria
218 1320 393 1395 quantalibet
406 1321 474 1394 quid
488 1321 550 1392 erit,
564 1321 587 1378 si
602 1321 692 1396 gloria
705 1319 816 1382 tantum
829 1326 896 1384 estl

106 1399 240 1456 Curritur
253 1399 288 1456 ad
303 1416 402 1455 vocem
414 1398 582 1471 jucundam,
596 1409 625 1455 et
638 1417 754 1456 carmen
769 1401 869 1458 amico

106 1477 284 1546 Thebaidos,
295 1477 390 1534 letam
403 1475 471 1532 fecit
484 1493 571 1549 quum
586 1476 693 1532 Statius
707 1478 818 1551 urbem,

106 1555 294 1630 Promisitque
308 1555 402 1612 diem:
423 1555 502 1610 tanti
516 1554 669 1612 dulcedine
682 1565 780 1630 captos

107 1633 208 1690 Afficit
222 1634 270 1692 ille
284 1633 403 1705 animos,
416 1633 552 1707 tantaque
565 1633 683 1690 libidine
701 1633 777 1710 vulgi

106 1712 233 1769 Auditur
245 1731 252 1780 ;
274 1712 334 1783 sed,
348 1730 434 1785 quum
449 1711 531 1787 fregit
544 1711 678 1768 subsellia
690 1730 784 1785 versu,

108 1790 217 1863 Esurit,
232 1791 367 1847 intectam
381 1790 476 1847 Paridi
490 1791 545 1848 nisi
559 1791 663 1848 vendat
677 1790 805 1867 Agaven.

106 1868 161 1927 Ille
175 1881 204 1926 et
219 1868 326 1926 militie
340 1867 436 1925 multis
449 1868 566 1944 largitur
579 1870 726 1941 honorem,

107 1948 245 2005 Semestri
256 1957 351 2005 vatum
364 1947 468 2021 digitos
480 1947 661 2022 circumligat
674 1965 752 2005 auro.

106 2026 197 2086 Quod
211 2045 267 2083 non
282 2027 351 2082 dant
364 2043 505 2100 proceres,
519 2025 597 2082 dabit
608 2025 714 2082 histrio.
755 2024 804 2082 Tu
820 2025 999 2099 Cametinoe,
1051 2025 1092 2083 90

107 2104 146 2162 Et
159 2105 275 2176 Bareas,
288 2115 320 2161 tu
333 2103 471 2162 nobilium
484 2121 588 2178 magns
602 2103 673 2160 atria
685 2105 789 2162 curasl

107 2182 262 2240 Prael'ectos
274 2183 397 2257 Pelopea
411 2181 487 2252 facit,
501 2181 656 2240 Philomela
670 2183 805 2241 tribunos

110 2261 195 2319 Haud
210 2272 305 2318 tamen
320 2260 446 2317 invideas
460 2260 524 2330 vati,
538 2279 623 2335 quem
636 2259 744 2336 pulpita
761 2272 891 2336 pascunt.

106 2339 185 2399 Quis
198 2338 250 2396 tibi
264 2338 431 2396 Meceuasl
451 2339 514 2413 quis
528 2356 605 2394 nunc
618 2339 672 2395 erit
685 2350 735 2396 aut
747 2339 925 2411 Proculeius,

109 2418 170 2474 Aut
183 2417 310 2474 Fabinsl
329 2416 392 2491 quis
406 2416 492 2473 Cotta
504 2415 629 2471 iterum'l
649 2417 712 2488 quis
726 2415 866 2473 Lentulus
879 2416 971 2474 alteri
1049 2417 1090 2474 95

108 2495 197 2553 Tunc
211 2515 261 2572 par
274 2494 390 2570 ingenio
402 2493 541 2570 pretium:
562 2503 632 2549 tunc
646 2492 714 2548 utile
728 2492 825 2550 multis

108 2573 229 2646 Pallere,
243 2584 271 2631 et
285 2573 382 2630 vinum
395 2582 455 2630 tcto
468 2570 579 2628 nescire
593 2569 754 2628 Decembri.
787 2599 808 2642 ,μ

147 2653 250 2710 Vester
264 2649 346 2727 porrd
361 2651 439 2709 labor
454 2649 622 2721 iracundior,
637 2648 814 2707 historiarum

109 2731 284 2806 Scriptores:
304 2731 375 2806 petit
388 2730 435 2786 hic
448 2729 512 2804 plus
524 2729 667 2805 temporis,
682 2740 766 2803 atque
779 2727 836 2787 olei
849 2727 914 2806 plus
921 2749 930 2802 ς

108 2809 241 2883 Namque
256 2809 343 2866 oblite
356 2808 432 2864 modi
446 2805 595 2866 millesima
612 2808 716 2884 pagina
728 2808 819 2885 surgit
1033 2807 1090 2868 1⁰⁰

108 2885 261 2957 Omnibus,
274 2897 303 2944 et
317 2886 407 2944 multi
420 2887 524 2943 crescit
537 2887 673 2944 damnose
686 2905 798 2962 papyro.

109 2964 158 3021 Sic
173 2966 275 3040 ingens
288 2984 382 3022 rerum
396 2982 532 3021 numerus
543 2964 633 3039 jubet,
648 2975 731 3037 atque
745 2981 862 3038 operum
875 2963 930 3022 lex.

108 3043 184 3103 Quae
198 3054 292 3100 tamen
307 3043 374 3100 inde
389 3043 492 3115 segesl
513 3052 593 3097 terre
607 3040 670 3112 quis
684 3040 792 3094 fructus
806 3041 932 3112 apertel

108 3120 184 3181 Quis
198 3122 276 3178 dabit
290 3121 434 3190 historico,
447 3128 586 3190 quantum
599 3118 680 3172 daret
693 3125 756 3172 acta
768 3115 875 3188 legenti
886 3117 900 3172 l
942 3110 955 3130 ¹

110 3199 166 3256 Sed
180 3218 271 3274 genus
285 3200 429 3275 ignavum,
443 3195 517 3270 quod
531 3193 605 3252 lecto
618 3193 724 3269 gaudet
736 3203 765 3250 et
777 3193 887 3251 umbri.
1032 3193 1090 3253 tos

146 3275 203 3334 Dic
217 3278 312 3353 igitur,
326 3276 395 3352 quid
408 3273 562 3331 causidicis
575 3273 668 3330 civilia
680 3281 814 3349 prestent

108 3355 221 3428 Officia,
235 3367 263 3413 et
274 3375 378 3432 magno
391 3353 508 3412 comites
521 3353 551 3410 in
566 3353 641 3410 fasce
655 3351 766 3410 libellil

110 3432 166 3508 lpsi
181 3453 285 3508 magna
298 3445 409 3504 sonant,
424 3435 472 3489 sed
488 3443 567 3504 tunc,
578 3450 665 3507 quum
679 3431 802 3489 creditor
813 3430 901 3506 audit,

109 3509 267 3586 Praecipue,
281 3513 324 3569 vel
339 3513 362 3566 si
376 3512 469 3586 tetigit
482 3511 557 3568 latus
570 3511 661 3566 acrior
675 3509 733 3578 illo,

107 3589 167 3649 Qui
184 3589 262 3645 venit
275 3587 312 3644 ad
325 3588 443 3643 dubium
457 3589 556 3661 grandi
571 3604 637 3644 cum
650 3583 750 3638 codice
764 3600 877 3640 nomen.
1031 3583 1087 3646 11⁰

108 3661 195 3725 'Pane
208 3666 348 3722 immensa
361 3665 423 3720 cavi
437 3666 544 3738 spirant
560 3658 711 3719 mendacia
725 3659 812 3732 folles,

108 3741 336 3820 conspuiturque
350 3741 437 3799 sinus.
478 3741 583 3796 Veram
597 3735 773 3814 deprendere
787 3757 910 3800 messem
