2494 4274
161 255 201 314 54
473 253 505 302 D.
522 251 619 300 JUNll
636 247 832 300 JUl'ENALiS

80 445 84 450 .
163 393 323 454 Fictilibus.
365 393 453 454 Tunc
468 391 606 465 diotimo,
621 411 708 469 quum
722 392 825 468 pocula
836 409 932 449 sumes

162 474 324 547 Genrmata,
337 485 367 532 et
379 474 437 532 lato
451 474 581 531 Setinum
596 472 707 529 ardebit
722 471 751 528 in
766 488 843 527 auro.

163 551 268 610 Jamne
283 553 369 631 igitur
382 553 494 624 laudas,
507 551 582 626 quod
596 552 633 608 de
647 549 823 625 sapientibus
837 547 908 610 alter
962 577 966 584 ⁴

164 631 301 704 Ridebat,
315 631 426 707 quoties
439 631 475 688 de
490 631 589 688 limine
604 640 728 688 moverat
742 646 832 685 unum

164 709 378 785 Protuleratque
391 711 493 786 pedem
506 730 512 779 3
534 707 619 766 llebat
633 707 792 766 contrarius
806 706 924 764 auctori

165 789 224 846 Sed
239 787 330 846 facilis
343 789 434 846 cuivis
446 787 531 864 rigidi
546 805 668 846 censura
681 785 832 844 cacbinni:

165 865 328 925 Mirandum
342 878 395 938 est,
409 867 486 924 unde
501 867 547 923 iile
561 867 651 924 oculis
665 864 809 921 suffecerit
822 864 931 921 humor.

165 944 306 1020 Perpetuo
318 945 376 1001 risu
389 945 552 1020 pulmonem
567 943 674 1019 agitare
688 941 796 1001 solebat

165 1022 357 1094 Democritus,
371 1039 532 1098 quanquam
546 1038 604 1082 nou
618 1031 715 1080 essent
728 1021 844 1080 urbibus
858 1019 914 1080 illis

165 1101 315 1173 Praetexta,
329 1112 359 1159 et
371 1102 485 1172 trabem,
501 1103 601 1174 lesces,
616 1101 728 1172 lectica,
743 1100 874 1158 tribunal.

165 1179 258 1250 Quid,
271 1181 295 1238 si
309 1180 425 1238 vidisset
438 1180 591 1238 Praetorem
605 1179 735 1238 curribus
750 1179 814 1236 altis

166 1257 344 1330 Exstantem,
358 1269 387 1316 et
401 1259 495 1318 medio
508 1261 659 1318 sublimem
674 1259 702 1316 in
716 1258 831 1333 pult-ere
845 1255 923 1316 Circi

167 1336 202 1394 In
216 1339 315 1396 tunica
329 1337 418 1408 Jovis,
432 1349 461 1395 et
474 1339 557 1414 pictae
572 1339 695 1395 Sarrana
709 1337 846 1394 serentem

167 1416 211 1474 Ex
226 1417 351 1475 humeris
365 1417 457 1475 eulaea
470 1429 552 1493 togae,
568 1435 733 1492 magnaeque
747 1434 859 1472 corone

166 1495 294 1554 Tantum
305 1497 413 1566 orbem,
427 1495 533 1570 quanto
549 1497 644 1555 cervix
655 1515 711 1552 non
726 1494 830 1552 sufficit
842 1493 922 1550 ullal

166 1575 283 1651 Quippe
297 1586 376 1634 tenet
390 1577 496 1632 sudans
510 1576 585 1633 hanc
598 1574 738 1650 publicus,
753 1585 791 1644 et,
806 1573 860 1630 sibi
874 1569 982 1630 Consul

167 1653 214 1710 Ne
228 1655 348 1730 placent,
363 1672 448 1710 curru
463 1671 560 1710 servus
573 1663 699 1728 portetur
712 1653 822 1708 eodem.

168 1730 212 1788 Da
226 1749 305 1789 nunc
318 1743 347 1788 et
360 1732 514 1803 volucrem,
528 1742 715 1806 sceptroque
730 1729 819 1806 surgit
833 1729 951 1802 eburno,

167 1808 252 1868 Illinc
265 1809 436 1880 cornicines,
452 1810 520 1867 binc
531 1809 721 1886 precedentis
734 1808 811 1884 longi

124 1945 131 1956 ,
147 1881 152 1958 l
167 1889 301 1964 Agminis
315 1887 418 1960 officia,
434 1898 463 1945 et
478 1888 574 1946 niveos
588 1889 623 1944 ed
639 1889 726 1946 fraena
738 1888 879 1958 Quirites,

167 1967 288 2026 Desossa
303 1967 332 2026 in
347 1968 447 2025 loculis
460 1985 531 2042 quos
544 1968 668 2043 sportula
682 1969 749 2026 lecit
762 1966 879 2024 amicos.

166 2045 255 2105 Tunc
267 2066 379 2122 quoque
393 2047 539 2104 materiam
554 2047 627 2104 risris
641 2047 748 2105 invenit
763 2047 799 2103 ad
812 2064 912 2104 omnes

166 2123 314 2182 Occursus
328 2125 485 2196 hominum,
499 2126 581 2201 cujus
595 2127 745 2202 prudentio
758 2134 904 2196 monstrat,

167 2204 303 2261 Summos
316 2219 398 2280 posse
411 2205 494 2275 viros,
505 2215 534 2260 et
548 2223 652 2280 magna
664 2205 793 2280 exempla
807 2203 932 2276 daturos,

155 2271 326 2341 iVervecum
342 2282 371 2340 in
385 2283 481 2358 patriai
490 2301 640 2357 crassoque
654 2284 707 2340 sub
720 2287 787 2340 aere
802 2282 890 2340 nasci.

167 2361 294 2419 Ridebat
309 2380 401 2435 cures,
416 2380 540 2420 necnon
555 2373 584 2419 et
597 2363 701 2437 gaudia
715 2362 801 2438 vulgi,

167 2440 316 2499 Interdum
329 2454 359 2499 et
371 2442 521 2517 lacrymas,
538 2459 626 2516 quum
641 2441 774 2499 Fortunae
789 2443 849 2517 ipse
866 2438 971 2497 minaci

167 2519 321 2578 Mendaret
333 2521 465 2596 laqueum
479 2521 663 2597 mediumque
676 2523 839 2579 ostenderet
849 2535 984 2596 unguem.

167 2597 245 2676 Ergo
259 2619 444 2676 supervacua,
455 2611 504 2658 sut
517 2600 676 2676 perniciose
687 2611 831 2675 petuntur,

167 2678 284 2754 Propter
295 2697 357 2753 quar
372 2676 412 2735 sas
426 2690 469 2735 est
479 2697 573 2754 genua
588 2679 714 2735 incerare
728 2679 853 2736 deorum.

206 2754 357 2816 Quosdam
370 2757 528 2832 praecipitat
542 2757 668 2831 subjecte
681 2757 808 2830 potentia
821 2775 933 2832 magnae

167 2832 306 2904 Invidiae;
327 2834 430 2910 mergit
443 2834 528 2910 longa
539 2845 622 2909 atque
637 2834 757 2911 insignis
772 2835 911 2894 bonorum

167 2911 293 2986 Pagina3
314 2913 493 2971 descendunt
507 2923 616 2986 statuar,
632 2923 791 2988 restemque
806 2925 969 2990 sequuntur.

167 2990 248 3068 Ipsos
259 2992 363 3052 deinde
377 3003 451 3051 rotas
465 2993 595 3068 bigarum
610 2994 732 3070 impactu
746 2993 854 3050 securis

167 3069 270 3144 Caedit,
285 3084 314 3131 et
327 3072 474 3131 immeritis
489 3073 657 3150 franguntur
671 3091 754 3131 crura
768 3071 892 3130 caballis.

167 3149 186 3206 J
188 3169 234 3207 am
248 3153 371 3210 stridunt
385 3152 475 3229 ignes,
487 3155 546 3228 jem
561 3154 672 3210 follibus
686 3163 769 3228 atque
783 3151 904 3209 cuminis

168 3229 260 3286 Ardet
274 3232 420 3288 adoratum
434 3233 539 3304 populo
551 3244 646 3304 ceput,
661 3242 689 3287 et
701 3243 797 3305 crepat
810 3231 912 3324 ingens

168 3305 304 3378 Sejanus:
325 3307 428 3362 deinde
443 3325 477 3361 ex
492 3307 564 3362 facie
578 3317 636 3363 toto
646 3308 714 3362 orbe
728 3308 855 3362 secunda

168 3384 256 3442 Fiunt
271 3384 389 3454 urceoli,
401 3382 506 3457 pelves,
521 3394 641 3457 sartago,
656 3384 775 3457 petellae.

167 3464 247 3524 Pone
261 3461 337 3520 domi
350 3462 453 3532 lauros,
467 3461 524 3516 duc
539 3462 568 3518 in
584 3460 723 3536 Capitolia
737 3479 873 3536 magnum

168 3544 371 3615 cretatumque
386 3540 502 3598 bovem:
525 3540 645 3616 Sejanus
659 3538 773 3598 ducitur
787 3559 862 3599 unco

169 3620 365 3697 spectandus:
387 3621 513 3696 gaudent
525 3639 634 3679 omnes.
674 3619 750 3681 Quae
766 3619 861 3679 labrai
881 3621 944 3698 quis
958 3619 999 3681 illi

169 3696 273 3758 Vultus
286 3700 366 3757 eratl
387 3713 543 3777 nunquam,
558 3700 663 3775 siquid
678 3700 747 3758 mibi
762 3701 866 3774 credis,
880 3701 972 3760 amari

169 3777 259 3838 Hunc
272 3777 449 3838 bominem·
465 3777 524 3837 Sed
533 3797 592 3856 quo
602 3779 709 3838 cecidit
722 3779 775 3838 sub
788 3780 930 3840 criminer
949 3777 1079 3856 quisnam
