2494 4274
517 273 641 325 samua
659 275 707 326 111.

109 418 283 494 Gymnasia,
297 427 380 493 atqua
394 417 462 475 audi
476 417 587 476 facinus
601 416 715 493 majoris
730 417 837 476 abolla.

108 498 231 554 Stoicus
243 498 350 555 oceidit
364 497 494 568 Baream,
510 498 616 554 delator
632 497 766 568 amicum,

107 575 350 651 Discipulumque
364 594 462 644 senex,
477 575 538 649 ript
552 575 674 632 nutritus
688 575 717 630 in
732 573 791 644 itta,
1045 573 1102 631 lus

108 655 161 710 Ad
176 673 261 728 quam
276 653 420 730 Gorgonei
435 653 552 728 delapsa
565 663 608 708 est
620 654 708 726 pinna
721 651 885 709 caballi-¹¹
900 617 933 698 5³

107 731 182 788 Non
196 743 239 788 est
253 732 386 789 Romano
400 731 533 805 cuiquam
547 731 628 787 locus
642 729 700 802 hie,
715 731 763 786 ubi
777 740 877 804 regnat

109 810 287 884 Protogenes
301 810 410 886 aliquis,
426 810 466 865 vel
481 807 624 883 Diphilus,
640 819 688 865 aut
713 805 908 879 Erimarchus,

106 888 174 949 Qui
188 888 283 963 gentis
297 888 364 946 vitio
378 905 523 962 nunquam
537 885 656 962 partitur
670 886 803 943 amicum.

108 967 198 1024 Solus
212 961 342 1052 habet.)(
346 966 422 1023 Nam
436 983 523 1041 quum
538 965 649 1023 facilem
665 965 779 1021 stillavit
793 964 823 1020 in
844 963 942 1022 aurem
1045 965 1100 1021 110

108 1043 258 1120 Exiguum
272 1045 308 1102 de
322 1058 431 1102 naturae
444 1044 597 1119 patrieque
612 1061 731 1114 veneno,
832 1069 835 1076 ·

108 1122 226 1179 Limine
242 1124 424 1181 submoneor:
445 1123 589 1197 perierunt
603 1130 729 1196 tempora
743 1121 821 1194 longi
839 1135 860 1176 ct
883 1142 888 1151 ¹
925 1083 980 1170 ssu
1000 1129 1044 1176 ·t'¹
1076 1171 1080 1182 ,

109 1201 234 1259 Servilii.
275 1199 425 1276 Nusquam
440 1201 531 1257 minor
546 1212 589 1257 est
598 1200 710 1275 jag-‚ctum
724 1199 844 1255 clientis.
872 1157 942 1256 ἔθνη(

106 1279 198 1339 Quod
212 1278 296 1354 porro
309 1279 446 1349 officium,
461 1298 497 1335 ne
512 1278 594 1336 uobis
609 1278 747 1348 blandiar,
762 1287 810 1333 aut
824 1278 899 1351 quod

107 1356 246 1432 Pauperis
261 1357 308 1414 hic
322 1358 465 1427 meritum,
481 1357 504 1413 si
518 1368 599 1414 curet
613 1369 696 1417 nocte
710 1366 822 1431 togatus
1044 1355 1097 1412 115

107 1435 242 1508 Currere,
256 1454 344 1511 quum
358 1445 460 1510 pretor
473 1434 600 1490 lictorem
615 1434 748 1508 impellat,
762 1443 791 1488 et
801 1431 842 1488 ire

107 1513 287 1589 Praecipitem
306 1514 406 1590 jubeat
419 1512 527 1568 dudum
541 1511 723 1586 vigilantibus
735 1509 821 1579 orbis,

106 1591 157 1648 Ne
170 1593 245 1666 prior
259 1592 395 1649 Albinam
409 1600 438 1648 et
450 1589 579 1666 Modiam
594 1589 704 1664 collega
718 1587 821 1644 salutet
828 1588 880 1644 l-

106 1669 155 1726 Da
168 1682 269 1728 testem
284 1671 387 1728 Roma
401 1681 458 1726 tam
473 1679 613 1738 sanctum,
628 1665 714 1743 qudm
729 1666 781 1723 fuit
795 1666 898 1742 hospes

105 1748 245 1806 Numinis
258 1747 347 1806 Idaei:
368 1749 503 1824 procedat
517 1747 559 1803 rel
574 1745 680 1816 Numa,
695 1745 737 1802 rel
751 1744 800 1820 qui

107 1828 237 1884 Servavit
250 1828 389 1902 trepidam
403 1825 533 1902 flagranti
547 1845 583 1882 ex
598 1826 658 1882 aede
674 1823 852 1880 Minervam:

106 1905 249 1962 Protenus
263 1906 298 1963 ad
313 1922 441 1975 censum,
456 1905 492 1960 dc
506 1903 631 1960 moribus
644 1902 744 1959 ultima
757 1901 805 1958 fiet

105 1983 247 2045 Quaestio.
287 1984 368 2045 Quot
381 1984 473 2059 pascit
486 1983 600 2038 servosl
620 1991 688 2055 quot
701 1981 826 2054 possidet
840 1980 900 2054 agri

105 2061 125 2117 J
127 2063 239 2138 ugeral
259 2061 345 2138 qudm
357 2061 445 2118 multal
460 2060 619 2136 magnique
633 2058 781 2134 paropside
795 2058 909 2115 ooenatl

104 2139 258 2200 Quantum
273 2141 391 2217 quisque
406 2140 458 2196 sut
473 2155 653 2195 nummorum
668 2148 759 2194 servet
774 2136 803 2192 in
818 2137 895 2206 arci,

4 2249 5 2252 =
106 2217 235 2275 'fantum
251 2219 335 2276 habet
348 2229 378 2274 et
391 2218 465 2275 fidei.
506 2216 590 2275 Jures
604 2217 674 2272 licet
687 2228 716 2272 et
731 2215 947 2272 Samothracum

105 2295 145 2352 Et
159 2308 316 2354 nostrorum
330 2315 409 2365 aras;
430 2306 612 2353 contemnere
626 2293 745 2350 fulmina
758 2311 865 2368 pauper

105 2373 241 2432 Creditur
257 2386 340 2450 atque
354 2375 431 2446 deos,
446 2371 491 2430 dis
506 2373 720 2446 ignoscentibus
734 2371 809 2446 ipsis.

105 2452 197 2524 Quid,
211 2450 288 2528 qudd
302 2453 449 2510 materiam
459 2451 566 2526 praebet
579 2467 734 2522 causasque
746 2449 875 2522 jocorum

105 2530 251 2588 Omnibus
263 2532 309 2588 bic
323 2533 408 2601 idem,
423 2530 448 2586 si
464 2529 539 2584 soeda
552 2540 580 2584 ct
594 2528 683 2583 scissa
696 2527 822 2595 lacerna,

107 2609 139 2665 Si
153 2621 219 2684 toga
234 2610 378 2667 sordidula
390 2619 443 2679 est,
458 2618 487 2663 et
500 2607 583 2681 ruptd
596 2606 713 2661 calceus
725 2603 794 2660 alter

105 2686 183 2744 Pelle
197 2699 289 2761 patet;
312 2688 354 2743 vel
370 2687 392 2743 si
408 2696 527 2743 consuto
541 2685 657 2740 vulnere
671 2700 797 2740 crassum

105 2765 201 2840 Atque
215 2785 315 2822 recens
328 2765 418 2822 linum
432 2763 557 2821 ostendit
570 2782 628 2820 non
643 2781 700 2818 una
713 2759 853 2819 cicatrixl

105 2843 155 2899 Nil
170 2844 254 2900 habet
268 2843 365 2901 infelix
378 2854 528 2919 paupertas
542 2842 640 2920 durius
654 2841 684 2897 in
698 2859 738 2910 se,
764 2880 768 2887 ,

104 2919 204 2982 Quam
218 2919 294 2996 qubd
303 2922 444 2979 ridiculos
458 2915 677 2976 bomines'facit.
719 2916 820 2986 Exeat,
835 2915 936 2989 inquit,

106 2999 138 3056 Si
152 3001 240 3075 pudor
255 3012 307 3071 est,
322 3012 351 3058 et
364 3001 400 3057 da
420 2999 535 3075 pulvino
549 3008 646 3071 surgat
660 2993 793 3068 equestri,

105 3076 195 3154 Cujus
209 3097 253 3135 res
266 3079 324 3152 legi
338 3096 396 3135 non
411 3076 524 3144 sufficit,
539 3085 568 3130 et
581 3073 699 3128 sedeant
713 3071 761 3126 hic
802 3101 823 3190 l
892 3143 895 3150 Ι

104 3153 255 3214 lenonum
267 3155 348 3232 pueri
363 3169 531 3226 quocunque
546 3150 575 3206 iu
590 3148 698 3222 fQOElE‘}
712 3145 780 3203 nati.
811 3154 894 3196 Μ’
934 3170 937 3188 ι

105 3232 164 3290 Hic
176 3234 294 3310 plaudat
307 3232 390 3291 nitidi
404 3228 543 3307 praeconis
554 3227 628 3284 filius
642 3225 715 3284 inter
791 3264 796 3273 -

83 3305 90 3315 ’
105 3309 249 3388 Pinnirapi
263 3313 355 3382 qul-tos
366 3311 496 3388 juvenes,
504 3307 679 3384 juvenesque
693 3305 811 3364 lanista.
852 3333 875 3353 «ι
914 3302 961 3350 ιιὲ

105 3389 154 3446 Sic
167 3390 278 3448 libitum
292 3409 375 3461 vano,
389 3389 437 3464 qui
451 3407 503 3445 uos
517 3387 655 3457 distinxit,
668 3383 800 3458 Othoni„
815 3411 856 3465 μ,

103 3467 179 3530 Quis
193 3487 281 3545 gener
295 3468 344 3526 hic
355 3468 461 3543 placuit
474 3485 563 3522 censu
578 3465 681 3535 minor,
695 3476 779 3538 atque
793 3463 896 3541 puelle

104 3547 260 3607 Sarcinulis
274 3547 386 3621 impari
407 3547 470 3620 quis
482 3563 590 3620 pauper
604 3542 736 3600 scribitur
751 3542 863 3597 baeresl
877 3563 894 3616 ,⁴
912 3559 918 3579 r
936 3553 939 3573 ¹
965 3557 968 3565 ·

103 3620 229 3688 Quando
243 3625 274 3682 in
287 3623 406 3680 consilio
419 3634 462 3680 est
476 3620 621 3680 aedilibusl
662 3619 788 3692 Agmine
802 3617 877 3676 sacto

104 3699 270 3762 Debuerant
281 3701 349 3759 olim
364 3711 464 3758 tenues
477 3701 617 3773 migrasse
630 3695 769 3757 Quirites.

105 3777 191 3842 Haud
205 3779 288 3840 facile
303 3787 461 3856 emergunt,
475 3795 594 3852 quorum
607 3775 756 3834 virtutibus
769 3773 861 3834 obstat
