2494 4274
507 229 632 292 sn'rutt
649 223 697 280 IV.

94 371 197 447 thue
212 371 293 430 lacus
307 371 451 444 suberant,
466 372 525 444 ubi,
539 391 701 448 quanquam
715 374 818 446 diruta,
833 384 925 434 servat

94 451 203 528 Ignem
217 450 377 527 Trojanum
402 462 431 508 et
445 451 563 508 Vestam
573 452 641 510 colit
654 453 732 511 Alba
745 453 895 527 minorem,

92 529 219 587 Obstitit
233 529 350 586 intranti
365 530 492 587 miratrix
506 531 588 588 turba
601 550 761 608 parumper.

94 609 135 667 Ut
149 609 250 680 cessit,
265 608 340 666 sacili
355 621 508 684 patuerunt
521 609 638 666 cardine
653 611 747 668 valvae.

97 688 219 745 Exclusi
234 698 363 762 spectant
377 688 499 744 admissa
512 689 631 762 opsonia
644 688 750 746 Patres.

97 767 161 824 [tur
176 768 212 824 ad
228 766 367 824 Atridam.
410 766 488 824 Tum
502 766 617 839 Picens,
632 769 753 844 Accipe,
768 768 849 840 dixit,

94 845 220 903 Privatis
234 845 340 921 majora
355 845 441 902 focis:
462 845 583 921 genialis
597 857 696 922 agatur

94 923 158 982 Iste
173 925 244 996 dies,
259 943 377 999 propera
391 925 568 981 stomachum
581 923 676 984 laxare
690 925 805 1002 saginis,

94 1003 137 1060 Et
150 1013 201 1060 tua
214 1014 355 1060 serratum
370 1019 505 1060 consume
520 1001 549 1058 in
563 1003 668 1060 secula
680 1004 839 1063 rhombum.

95 1079 167 1155 Ipse
189 1081 254 1155 capi
275 1077 381 1136 voluit:
402 1079 471 1154 quid
494 1081 639 1155 apertius‘l
658 1091 688 1138 et
708 1092 804 1140 tamen
825 1081 866 1140 illi

97 1159 265 1234 Surgebant
278 1157 379 1214 orista.
420 1156 501 1214 Nihil
516 1170 568 1229 est,
582 1160 657 1233 quod
672 1161 789 1218 credere
803 1161 839 1220 de
852 1181 884 1220 so

96 1235 168 1294 Non
183 1237 279 1312 possit,
294 1255 382 1311 quum
394 1236 525 1294 laudatur
539 1236 584 1295 dis
598 1256 677 1313 equa
690 1251 821 1314 potestas.

98 1315 159 1374 Sed
175 1317 273 1372 deerat
286 1315 358 1390 pisci
372 1315 475 1391 patinae
489 1335 629 1374 mensura.
671 1317 819 1377 Vocantur

97 1392 179 1470 Ergo
194 1395 224 1451 in
239 1395 389 1451 consilium
402 1413 544 1468 proceres,
558 1414 628 1468 quos
642 1396 741 1453 oderat
754 1395 823 1466 llle;

97 1471 135 1530 In
151 1492 271 1548 quorum
285 1473 358 1530 facie
373 1473 482 1528 miserm
496 1490 662 1548 magnaeque
677 1474 794 1531 sedebat

97 1551 194 1610 Pallor
208 1553 349 1609 amicitie.
392 1549 513 1622 Primus,
529 1551 669 1608 clamante
682 1551 820 1625 Liburno,

97 1631 230 1688 Currite!
251 1630 310 1706 jam
324 1631 414 1688 sedit!
436 1631 516 1706 rapti
529 1632 695 1706 properabat
709 1632 802 1690 abollri

96 1709 237 1786 Pegasus,
249 1710 374 1767 attonitae
387 1710 495 1785 positus
508 1707 593 1768 modd
609 1710 719 1768 villicus
733 1710 811 1770 Urbi.

97 1791 187 1847 Anne
202 1789 279 1846 aliud
290 1800 360 1846 tunc
373 1789 518 1863 praefectil
538 1808 657 1864 quorum
672 1791 795 1865 optimus
808 1801 891 1868 atque

97 1867 245 1944 interpres
259 1868 354 1944 legum
369 1869 573 1940 sanctissimus,
587 1870 683 1926 omnia
697 1889 858 1945 quanquam

97 1947 292 2023 Temporibus
306 1947 374 2003 diris
388 1948 534 2004 tractanda
547 1948 663 2022 putabat
677 1948 779 2007 inermi

97 2027 116 2083 J
119 2027 224 2084 astitui.
266 2025 354 2084 Venit
367 2037 396 2082 et
409 2026 503 2101 Crispi
514 2026 642 2101 jucunda
655 2038 798 2098 senectus,

98 2105 190 2181 Cujus
204 2116 286 2162 erant
299 2123 400 2177 mores,
414 2105 504 2178 qualis
518 2105 660 2177 facundia,
675 2107 743 2164 mite

98 2183 257 2262 Ingenium
271 2203 277 2240 :
298 2184 388 2240 mar'ra
401 2203 435 2240 ac
449 2195 537 2242 terras
550 2186 724 2261 populosque
738 2185 849 2262 regenti

97 2263 175 2324 Quis
190 2281 287 2321 comes
301 2263 403 2335 utilior,
417 2262 441 2320 si
457 2264 539 2320 clade
552 2276 580 2321 et
594 2276 672 2340 peste
687 2265 740 2321 sub
754 2264 802 2322 illa

100 2343 245 2400 Saevitiam
260 2343 395 2398 damnare
409 2353 437 2399 et
450 2344 601 2400 honestum
615 2343 716 2400 afferre
730 2342 832 2402 liceret

99 2421 262 2478 Consilium
272 2403 314 2504 illi
326 2421 383 2478 Sed
398 2421 466 2497 quid
481 2421 630 2478 violentius
645 2441 713 2478 aure
726 2423 850 2496 tyranni,

99 2500 176 2556 Cum
189 2520 245 2575 quo
260 2501 295 2557 de
309 2499 421 2576 pluviis,
436 2510 485 2556 aut
499 2499 623 2568 aestibus,
638 2510 689 2556 aut
702 2500 833 2558 nimboso

100 2579 176 2636 Vere
190 2579 312 2637 locuturi
327 2579 415 2636 latum
429 2579 571 2654 pendebat
585 2577 692 2635 amicil

100 2657 153 2715 Ille
167 2659 253 2734 igitur
267 2676 413 2732 nunquam
427 2659 528 2716 direxit
543 2657 660 2715 brachia
672 2668 773 2716 contra

100 2737 281 2808 Torrentem,
296 2757 350 2794 nec
365 2738 433 2794 civis
447 2749 517 2810 erat,
531 2736 579 2813 qui
593 2737 682 2794 libera
695 2748 790 2814 posset

99 2817 196 2874 Verba
209 2816 296 2873 animi
309 2817 442 2891 proferre,
456 2828 485 2874 et
498 2817 762 2892 vitamimpendere
776 2836 849 2876 vcro.

100 2896 150 2952 Sic
164 2895 265 2952 multas
280 2896 387 2952 hiemes
401 2907 484 2971 atque
497 2897 669 2972 octogesima
684 2896 753 2953 vidit

101 2974 234 3043 somnia,
255 2975 299 3032 ns
321 2975 407 3048 ω
428 2972 477 3033 rua
497 2993 609 3050 quoque
629 2985 706 3030 tutus
721 2974 751 3030 n
765 2945 924 3089 antefata
937 2991 944 3002 a
958 2979 970 3024 τῚ
1004 3011 1006 3017 .

100 3051 247 3109 Proximus
260 3053 388 3129 ejusdem
401 3051 569 3128 properabat
583 3051 696 3108 Acilius
710 3051 763 3106 aevi

100 3131 176 3188 Cum
187 3131 300 3207 juvene,
315 3131 443 3205 indigno,
456 3147 541 3203 quem
555 3139 702 3186 moratam
717 3146 791 3184 saeva
804 3135 942 3200 maneret,

100 3209 139 3268 Et
152 3209 265 3269 Domini
280 3209 383 3286 gladiis
396 3219 453 3266 tam
469 3207 599 3266 festinata
611 3226 618 3278 ;
639 3207 689 3264 sed
702 3206 772 3266 olim

100 3288 233 3366 Prodigio
246 3308 296 3365 par
310 3299 353 3348 est
366 3307 432 3346 cum
446 3287 593 3345 nobilitate
607 3299 756 3357 senectus;

100 3368 182 3426 Unde
196 3369 237 3440 lit,
256 3380 286 3426 ut
299 3369 397 3426 malim
412 3367 578 3426 fraterculus
591 3386 653 3424 esse
667 3367 798 3444 gigantis.

100 3447 208 3505 Profuit
221 3445 290 3524 ergo
304 3448 374 3505 nihil
388 3448 502 3519 misero,
517 3443 593 3522 qubd
609 3447 740 3504 cominus
751 3465 831 3505 ursos

100 3526 221 3604 Figebat
234 3525 386 3595 Numidas,
402 3528 515 3584 Albana
529 3527 623 3582 nudus
637 3524 724 3582 arenti

99 3606 233 3664 Venator.
273 3605 352 3666 Quis
365 3606 442 3662 enim
453 3605 511 3679 jam
524 3625 585 3662 non
599 3602 738 3676 intelligat
752 3611 826 3658 artes
1031 3605 1088 3666 100

102 3684 258 3744 Patriciasl
279 3684 342 3762 quis
356 3683 480 3759 priscum
494 3684 563 3740 illud
577 3681 694 3737 miretur
708 3698 839 3753 acumen,

100 3765 196 3839 Brute,
210 3764 315 3824 tuuml
336 3761 453 3900 ἳξαοὶίο
466 3771 510 3819 est
523 3759 639 3848 barbato
653 3759 798 3836 imponere
811 3759 881 3838 regi.
890 3773 935 3792 ⁶¹·
959 3735 979 3806 s
987 3723 1049 3812 ls-
