2494 4274
152 280 193 341 ω
462 277 487 328 u
511 275 608 328 suun
624 245 819 326 scvsmns

153 420 211 478 Sed
224 420 322 496 procul
335 431 484 478 extensum
497 418 627 495 petulans
641 417 730 494 quatit
743 417 836 475 hostia
849 415 957 490 sunem,

152 497 278 574 Tarpeio
292 508 401 556 servata
415 497 488 569 Jovi,
503 497 677 569 frontemque
689 507 838 552 coruscat:

151 574 268 652 Quippe
283 575 361 633 ferox
374 573 488 646 vitulus,
503 573 615 649 templis
628 584 756 630 maturus
770 582 799 629 et
812 589 877 644 arte,

153 653 391 729 spargendusque
406 669 492 724 mero,
506 670 590 727 quem
602 651 661 726 jam
675 651 764 726 pudet
776 650 866 708 ubera
879 650 977 708 matris

153 729 276 802 Ducere,
290 730 338 806 qui
352 740 433 788 renat
446 729 574 788 nascenti
587 729 686 786 robora
699 746 796 785 cornu.

153 809 241 865 Sires
254 826 299 865 am
320 807 347 865 la
360 808 446 879 dumi,
461 807 615 882 similisque
629 806 777 863 aflectibus
790 815 874 878 esset,

153 884 289 959 Pinguior
335 885 436 960 ispulla
450 887 605 942 traheretur
619 893 725 955 taurus,
740 894 768 940 et
782 883 844 958 ipsA

153 960 232 1019 Mola
245 963 336 1038 piger,
350 981 405 1020 nec
419 961 539 1019 finitima
554 960 675 1018 nutritus
690 962 719 1018 in
734 961 831 1034 herba,

153 1040 233 1097 Lau
246 1041 297 1097 sed
309 1040 463 1099 ostendens
477 1039 615 1097 Clitumni
628 1057 735 1114 pascua
748 1038 865 1116 sanguis

155 1116 223 1189 iret,
234 1130 262 1176 et
275 1137 292 1174 a
304 1118 405 1194 grandi
420 1117 514 1175 cervix
528 1117 655 1174 ferienda
669 1116 805 1189 ministro,

154 1194 201 1252 Ob
214 1195 336 1254 reditum
349 1196 515 1272 trepidantis
528 1195 631 1265 adhuc,
645 1193 840 1270 horrendaque
853 1188 928 1271 passi

153 1272 264 1347 Nuper,
278 1284 307 1330 et
320 1273 491 1331 incolumem
503 1292 565 1330 sese
579 1273 708 1329 mirantis
722 1271 815 1328 amici.

154 1349 231 1408 Nam
245 1363 345 1426 prater
355 1352 448 1427 pelagi
463 1369 556 1423 casus,
571 1361 600 1407 et
613 1349 731 1425 fulguris
746 1349 834 1408 ictum

155 1427 251 1501 Ereti,
265 1431 361 1488 dense
375 1429 479 1486 coelum
493 1427 669 1487 abscondere
683 1428 806 1486 tenebra

155 1506 242 1565 Nube
256 1508 324 1580 uuit,
338 1508 502 1582 subitusque
516 1519 654 1564 antennas
666 1505 778 1581 impulit
789 1506 862 1582 ignis

154 1583 254 1645 Quum
270 1605 300 1642 se
313 1586 432 1660 quisque
447 1585 495 1642 illo
508 1601 673 1659 percussum
687 1585 824 1656 crederet,
838 1593 867 1641 et
879 1601 945 1642 max

156 1663 302 1720 Attonitus
316 1663 426 1718 nullum
440 1662 561 1719 conferri
574 1679 656 1736 posse
670 1672 781 1735 putaret

155 1739 345 1816 Naufragium
360 1739 429 1795 velis
444 1739 616 1796 ardentibus.
657 1737 764 1796 Omnia
776 1740 849 1796 liunt

156 1816 250 1888 Talia,
264 1829 322 1875 tam
335 1816 466 1892 graviter,
481 1816 504 1872 si
518 1818 631 1892 quando
644 1819 757 1892 poetica
771 1817 861 1894 surgit

156 1894 333 1971 Tempestas.
374 1894 473 1951 Genus
486 1913 555 1952 ecce
571 1895 647 1952 aliud
662 1895 850 1954 discriminis:
873 1894 939 1954 audi

156 1972 194 2030 Et
206 1975 339 2031 miserere
352 1971 465 2046 iterum,
479 1992 640 2048 quanquam
654 1974 710 2031 sint
724 1985 825 2031 caetera
839 1973 920 2032 sortis

155 2050 309 2126 Ejusdem:
329 2069 395 2127 pars
407 2051 468 2108 dira
482 2052 605 2125 quidem,
620 2053 670 2109 sed
685 2053 799 2127 cognita
812 2051 917 2122 multis,

156 2128 194 2186 Et
206 2147 291 2201 quam
306 2129 396 2185 votivi
411 2139 546 2185 testantur
561 2130 626 2187 sana
639 2130 743 2187 tabella

155 2204 291 2262 Plurima.
333 2204 459 2262 Pictures
475 2207 537 2278 quis
551 2207 642 2264 nescit
655 2208 691 2264 ab
705 2207 780 2264 iside
794 2206 894 2283 pascit

156 2281 273 2340 Accidit
286 2293 315 2340 et
329 2293 423 2340 nostro
437 2283 536 2340 similis
547 2285 658 2341 fortuna
671 2285 791 2342 Catullo.

154 2359 255 2421 Quum
268 2360 370 2437 plenus
383 2359 471 2418 fluctu
485 2362 595 2418 medius
609 2363 680 2420 foret
693 2365 797 2434 alveus,
811 2373 840 2420 et
850 2362 919 2438 jarn,

155 2437 305 2497 Alternum
321 2439 421 2515 puppis
431 2439 505 2497 latus
519 2442 710 2498 evertentibus
723 2441 807 2497 undis

155 2517 274 2575 Arboris
289 2517 414 2588 incerta,
430 2519 536 2576 nullam
550 2520 701 2595 prudentia
714 2519 780 2577 cani

155 2593 289 2653 Rectoris
303 2595 443 2652 conferret
456 2615 556 2671 opem;
577 2598 710 2653 decidere
721 2597 800 2672 jactu

155 2672 250 2747 Coepit
259 2690 325 2728 curn
339 2672 431 2728 ventis
441 2691 490 2742 ;-
1013 2743 1014 2748 ἵ

155 2747 289 2817 Fundite,
304 2765 366 2821 quae
380 2765 444 2804 mea
458 2759 533 2820 sunt,
548 2750 670 2820 dicebat,
681 2761 796 2820 cuncta,
811 2749 949 2822 Catullus,

154 2823 335 2899 Praecipitare
349 2824 445 2882 volens
458 2825 542 2882 etiam
556 2827 754 2903 pulcherrima,
767 2837 873 2883 vestem

154 2902 339 2978 Purpuream,
354 2902 458 2959 teneris
470 2921 580 2979 quoque
595 2904 801 2962 Maecenatibus
815 2915 918 2980 aptam,

155 2980 250 3055 Atque
264 2979 342 3052 alias,
356 2999 474 3056 quarum
488 2984 618 3058 generosi
632 2983 768 3059 graminis
782 2982 874 3058 ipsum

155 3056 260 3116 Infecit
273 3069 373 3117 natura
386 3078 483 3136 pecus,
498 3063 590 3120 sedet
604 3063 735 3137 egregius
750 3061 811 3118 fons

154 3135 272 3194 Viribus
284 3137 414 3208 occultis,
428 3150 456 3196 et
470 3138 594 3197 Baeticus
608 3140 720 3214 adjuvat
733 3142 790 3196 abr.

155 3212 211 3270 Ille
225 3232 281 3270 nec
294 3225 442 3288 argentum
456 3216 603 3272 dubitabat
616 3217 736 3286 mittere,
751 3217 849 3272 lances

154 3289 308 3345 Parthenio
322 3289 419 3356 factas,
433 3306 512 3342 urnae
526 3301 634 3345 cratera
647 3309 792 3362 capacem,

155 3364 193 3422 Et
207 3364 325 3440 dignum
339 3363 452 3419 sitiente
466 3362 563 3432 Pholo,
579 3362 622 3418 vel
636 3365 757 3438 conjuge
771 3359 867 3418 Fusci.

156 3443 240 3500 Adde
253 3453 282 3498 et
296 3439 460 3510 bascaudas,
474 3449 503 3495 et
516 3439 592 3496 mille
606 3441 724 3510 escaria,
738 3440 859 3496 multum

156 3520 266 3592 Caelati,
281 3518 390 3576 biberat
399 3537 455 3592 quo
466 3517 587 3575 callidus
600 3527 708 3592 emptor
722 3517 850 3593 Olynthi.

157 3599 214 3653 Sed
229 3599 290 3672 quis
305 3617 382 3655 nunc
396 3598 477 3668 alius,
491 3597 547 3672 qua
560 3595 659 3675 mundi
673 3607 760 3674 parte,
775 3595 837 3672 quis
851 3596 938 3657 audet

157 3674 286 3746 Argento
298 3676 432 3750 preferre
442 3685 536 3750 caput,
549 3676 688 3750 rebusque
702 3675 840 3734 saluteml

156 3747 224 3808 Non
237 3762 348 3825 propter
361 3751 447 3808 viram
461 3749 569 3810 iaciunt
581 3753 749 3828 patrimonia
760 3753 885 3828 quidam,
