<?xml version="1.0" encoding="UTF-8"?>
<!DOCTYPE html PUBLIC "-//W3C//DTD XHTML 1.0 Transitional//EN"
    "http://www.w3.org/TR/xhtml1/DTD/xhtml1-transitional.dtd">
<html xmlns="http://www.w3.org/1999/xhtml" xml:lang="en" lang="en">
 <head>
  <title>
</title>
<meta http-equiv="Content-Type" content="text/html;charset=utf-8" />
  <meta name='ocr-system' content='tesseract 3.04.00' />
  <meta name='ocr-capabilities' content='ocr_page ocr_carea ocr_par ocr_line ocrx_word'/>
</head>
<body>
  <div class='ocr_page' id='page_1' title='image "./decimijuniijuve02levegoog_0086.png"; bbox 0 0 2494 4274; ppageno 0'>
   <div class='ocr_carea' id='block_1_1' title="bbox 475 233 693 288">
    <p class='ocr_par' dir='ltr' id='par_1_1' title="bbox 475 233 693 288">
     <span class='ocr_line' id='line_1_1' title="bbox 475 233 693 288; baseline 0 -2"><span class='ocrx_word' id='word_1_1' title='bbox 475 233 601 288; x_wconf 67' lang='lat' dir='ltr'><strong>stultis</strong></span> <span class='ocrx_word' id='word_1_2' title='bbox 618 235 693 288; x_wconf 78' lang='lat' dir='ltr'><strong>xlv.</strong></span> 
     </span>
    </p>
   </div>
   <div class='ocr_carea' id='block_1_2' title="bbox 64 374 1073 3754">
    <p class='ocr_par' dir='ltr' id='par_1_2' title="bbox 80 374 846 456">
     <span class='ocr_line' id='line_1_2' title="bbox 80 374 846 456; baseline 0.007 -20"><span class='ocrx_word' id='word_1_3' title='bbox 80 376 139 436; x_wconf 85' lang='lat' dir='ltr'><strong>Hie</strong></span> <span class='ocrx_word' id='word_1_4' title='bbox 152 387 199 436; x_wconf 86' lang='lat' dir='ltr'><strong>est</strong></span> <span class='ocrx_word' id='word_1_5' title='bbox 211 374 282 456; x_wconf 79' lang='lat' dir='ltr'><strong>ergd</strong></span> <span class='ocrx_word' id='word_1_6' title='bbox 296 377 379 436; x_wconf 76' lang='lat' dir='ltr'><strong>nibus</strong></span> <span class='ocrx_word' id='word_1_7' title='bbox 392 379 491 454; x_wconf 70' lang='lat' dir='ltr'><strong>magni</strong></span> <span class='ocrx_word' id='word_1_8' title='bbox 503 397 615 456; x_wconf 87' lang='lat' dir='ltr'><strong>quoque</strong></span> <span class='ocrx_word' id='word_1_9' title='bbox 628 379 758 454; x_wconf 72' lang='lat' dir='ltr'><strong>ulteris,</strong></span> <span class='ocrx_word' id='word_1_10' title='bbox 771 389 801 440; x_wconf 89' lang='lat' dir='ltr'><strong>et</strong></span> <span class='ocrx_word' id='word_1_11' title='bbox 813 397 846 441; x_wconf 79' lang='lat' dir='ltr'><strong>se</strong></span> 
     </span>
    </p>

    <p class='ocr_par' dir='ltr' id='par_1_3' title="bbox 78 455 839 534">
     <span class='ocr_line' id='line_1_3' title="bbox 78 455 839 534; baseline 0.005 -20"><span class='ocrx_word' id='word_1_12' title='bbox 78 456 240 531; x_wconf 79' lang='lat' dir='ltr'><strong>Peseentis,</strong></span> <span class='ocrx_word' id='word_1_13' title='bbox 253 455 367 534; x_wconf 71' lang='lat' dir='ltr'><strong>proprii</strong></span> <span class='ocrx_word' id='word_1_14' title='bbox 380 475 468 532; x_wconf 88' lang='lat' dir='ltr'><strong>quum</strong></span> <span class='ocrx_word' id='word_1_15' title='bbox 476 457 536 534; x_wconf 82' lang='lat' dir='ltr'><strong>jem</strong></span> <span class='ocrx_word' id='word_1_16' title='bbox 550 457 619 517; x_wconf 80' lang='lat' dir='ltr'><strong>feeit</strong></span> <span class='ocrx_word' id='word_1_17' title='bbox 632 460 733 518; x_wconf 79' lang='lat' dir='ltr'><strong>arbore</strong></span> <span class='ocrx_word' id='word_1_18' title='bbox 746 460 839 520; x_wconf 86' lang='lat' dir='ltr'><strong>nidos.</strong></span> 
     </span>
    </p>

    <p class='ocr_par' dir='ltr' id='par_1_4' title="bbox 78 534 912 616">
     <span class='ocr_line' id='line_1_4' title="bbox 78 534 912 616; baseline 0.008 -23"><span class='ocrx_word' id='word_1_19' title='bbox 78 534 137 593; x_wconf 84' lang='lat' dir='ltr'><strong>Sed</strong></span> <span class='ocrx_word' id='word_1_20' title='bbox 151 536 280 612; x_wconf 88' lang='lat' dir='ltr'><strong>leporem</strong></span> <span class='ocrx_word' id='word_1_21' title='bbox 294 545 343 594; x_wconf 81' lang='lat' dir='ltr'><strong>aut</strong></span> <span class='ocrx_word' id='word_1_22' title='bbox 356 553 489 612; x_wconf 72' lang='lat' dir='ltr'><strong>capream</strong></span> <span class='ocrx_word' id='word_1_23' title='bbox 503 535 616 594; x_wconf 76' lang='lat' dir='ltr'><strong>sumulae</strong></span> <span class='ocrx_word' id='word_1_24' title='bbox 630 535 709 597; x_wconf 81' lang='lat' dir='ltr'><strong>Jovis</strong></span> <span class='ocrx_word' id='word_1_25' title='bbox 722 547 752 596; x_wconf 83' lang='lat' dir='ltr'><strong>st</strong></span> <span class='ocrx_word' id='word_1_26' title='bbox 764 555 912 616; x_wconf 71' lang='lat' dir='ltr'><strong>genem</strong></span> 
     </span>
    </p>

    <p class='ocr_par' dir='ltr' id='par_1_5' title="bbox 78 613 754 691">
     <span class='ocr_line' id='line_1_5' title="bbox 78 613 754 691; baseline 0.004 -20"><span class='ocrx_word' id='word_1_27' title='bbox 78 613 114 671; x_wconf 93' lang='lat' dir='ltr'><strong>In</strong></span> <span class='ocrx_word' id='word_1_28' title='bbox 129 613 205 672; x_wconf 85' lang='lat' dir='ltr'><strong>seltu</strong></span> <span class='ocrx_word' id='word_1_29' title='bbox 219 623 359 671; x_wconf 78' lang='lat' dir='ltr'><strong>venantur</strong></span> <span class='ocrx_word' id='word_1_30' title='bbox 370 631 453 672; x_wconf 81' lang='lat' dir='ltr'><strong>eres:</strong></span> <span class='ocrx_word' id='word_1_31' title='bbox 472 613 542 672; x_wconf 81' lang='lat' dir='ltr'><strong>hine</strong></span> <span class='ocrx_word' id='word_1_32' title='bbox 554 615 652 691; x_wconf 74' lang='lat' dir='ltr'><strong>prede</strong></span> <span class='ocrx_word' id='word_1_33' title='bbox 666 615 754 674; x_wconf 87' lang='lat' dir='ltr'><strong>eubili</strong></span> 
     </span>
    </p>

    <p class='ocr_par' dir='ltr' id='par_1_6' title="bbox 78 691 816 768">
     <span class='ocr_line' id='line_1_6' title="bbox 78 691 816 768; baseline 0.007 -19"><span class='ocrx_word' id='word_1_34' title='bbox 78 691 219 751; x_wconf 83' lang='lat' dir='ltr'><strong>Ponitur:</strong></span> <span class='ocrx_word' id='word_1_35' title='bbox 241 692 309 750; x_wconf 89' lang='lat' dir='ltr'><strong>inde</strong></span> <span class='ocrx_word' id='word_1_36' title='bbox 324 701 429 765; x_wconf 81' lang='lat' dir='ltr'><strong>nutem,</strong></span> <span class='ocrx_word' id='word_1_37' title='bbox 443 709 532 768; x_wconf 90' lang='lat' dir='ltr'><strong>quum</strong></span> <span class='ocrx_word' id='word_1_38' title='bbox 546 711 577 752; x_wconf 85' lang='lat' dir='ltr'><strong>se</strong></span> <span class='ocrx_word' id='word_1_39' title='bbox 590 703 702 752; x_wconf 82' lang='lat' dir='ltr'><strong>metum</strong></span> <span class='ocrx_word' id='word_1_40' title='bbox 714 692 816 754; x_wconf 79' lang='lat' dir='ltr'><strong>levirit</strong></span> 
     </span>
    </p>

    <p class='ocr_par' dir='ltr' id='par_1_7' title="bbox 78 769 912 848">
     <span class='ocr_line' id='line_1_7' title="bbox 78 769 912 848; baseline 0.002 -19"><span class='ocrx_word' id='word_1_41' title='bbox 78 771 247 848; x_wconf 80' lang='lat' dir='ltr'><strong>Progenies,</strong></span> <span class='ocrx_word' id='word_1_42' title='bbox 262 769 425 830; x_wconf 80' lang='lat' dir='ltr'><strong>stimulante</strong></span> <span class='ocrx_word' id='word_1_43' title='bbox 439 771 525 844; x_wconf 83' lang='lat' dir='ltr'><strong>fame,</strong></span> <span class='ocrx_word' id='word_1_44' title='bbox 540 770 655 830; x_wconf 79' lang='lat' dir='ltr'><strong>festinet</strong></span> <span class='ocrx_word' id='word_1_45' title='bbox 669 773 706 830; x_wconf 77' lang='lat' dir='ltr'><strong>sd</strong></span> <span class='ocrx_word' id='word_1_46' title='bbox 720 772 808 846; x_wconf 76' lang='lat' dir='ltr'><strong>illum,</strong></span> <span class='ocrx_word' id='word_1_47' title='bbox 910 805 912 810; x_wconf 95' lang='lat'>·</span> 
     </span>
    </p>

    <p class='ocr_par' dir='ltr' id='par_1_8' title="bbox 76 845 911 1002">
     <span class='ocr_line' id='line_1_8' title="bbox 76 845 911 928; baseline 0.007 -22"><span class='ocrx_word' id='word_1_48' title='bbox 76 849 181 912; x_wconf 75' lang='lat' dir='ltr'><strong>Quem</strong></span> <span class='ocrx_word' id='word_1_49' title='bbox 194 845 318 926; x_wconf 81' lang='lat' dir='ltr'><strong>primirm</strong></span> <span class='ocrx_word' id='word_1_50' title='bbox 331 849 456 926; x_wconf 75' lang='lat' dir='ltr'><strong>predum</strong></span> <span class='ocrx_word' id='word_1_51' title='bbox 470 860 553 926; x_wconf 87' lang='lat' dir='ltr'><strong>rupto</strong></span> <span class='ocrx_word' id='word_1_52' title='bbox 565 860 728 928; x_wconf 61' lang='lat' dir='ltr'><strong>mutaverat</strong></span> <span class='ocrx_word' id='word_1_53' title='bbox 740 869 803 911; x_wconf 84' lang='lat' dir='ltr'><strong>ovo.</strong></span> <span class='ocrx_word' id='word_1_54' title='bbox 905 849 911 919; x_wconf 82' lang='lat' dir='ltr'><strong>l</strong></span> 
     </span>
     <span class='ocr_line' id='line_1_9' title="bbox 120 925 782 1002; baseline 0.003 -14"><span class='ocrx_word' id='word_1_55' title='bbox 120 925 291 988; x_wconf 74' lang='lat' dir='ltr'><strong>AEdifieator</strong></span> <span class='ocrx_word' id='word_1_56' title='bbox 305 937 366 986; x_wconf 78' lang='lat' dir='ltr'><strong>erat</strong></span> <span class='ocrx_word' id='word_1_57' title='bbox 379 927 542 1002; x_wconf 69' lang='lat' dir='ltr'><strong>(lemnius,</strong></span> <span class='ocrx_word' id='word_1_58' title='bbox 553 940 583 988; x_wconf 86' lang='lat' dir='ltr'><strong>et</strong></span> <span class='ocrx_word' id='word_1_59' title='bbox 597 925 682 989; x_wconf 88' lang='lat' dir='ltr'><strong>modd</strong></span> <span class='ocrx_word' id='word_1_60' title='bbox 694 947 782 991; x_wconf 75' lang='lat' dir='ltr'><strong>euno</strong></span> 
     </span>
    </p>

    <p class='ocr_par' dir='ltr' id='par_1_9' title="bbox 79 1005 770 1084">
     <span class='ocr_line' id='line_1_10' title="bbox 79 1005 770 1084; baseline 0.007 -21"><span class='ocrx_word' id='word_1_61' title='bbox 79 1006 190 1067; x_wconf 87' lang='lat' dir='ltr'><strong>Littore</strong></span> <span class='ocrx_word' id='word_1_62' title='bbox 205 1005 325 1083; x_wconf 76' lang='lat' dir='ltr'><strong>Cujetae,</strong></span> <span class='ocrx_word' id='word_1_63' title='bbox 339 1006 452 1064; x_wconf 68' lang='lat' dir='ltr'><strong>summi</strong></span> <span class='ocrx_word' id='word_1_64' title='bbox 465 1025 545 1065; x_wconf 86' lang='lat' dir='ltr'><strong>nune</strong></span> <span class='ocrx_word' id='word_1_65' title='bbox 558 1006 679 1068; x_wconf 77' lang='lat' dir='ltr'>Tiburis</span> <span class='ocrx_word' id='word_1_66' title='bbox 692 1026 770 1084; x_wconf 76' lang='lat' dir='ltr'><strong>eree,</strong></span> 
     </span>
    </p>

    <p class='ocr_par' dir='ltr' id='par_1_10' title="bbox 78 1083 783 1164">
     <span class='ocr_line' id='line_1_11' title="bbox 78 1083 783 1164; baseline 0.007 -22"><span class='ocrx_word' id='word_1_67' title='bbox 78 1083 171 1143; x_wconf 89' lang='lat' dir='ltr'><strong>Nune</strong></span> <span class='ocrx_word' id='word_1_68' title='bbox 184 1085 369 1143; x_wconf 77' lang='lat' dir='ltr'><strong>Prnnestinis</strong></span> <span class='ocrx_word' id='word_1_69' title='bbox 383 1083 413 1142; x_wconf 91' lang='lat' dir='ltr'><strong>in</strong></span> <span class='ocrx_word' id='word_1_70' title='bbox 427 1085 580 1159; x_wconf 88' lang='lat' dir='ltr'><strong>montibus,</strong></span> <span class='ocrx_word' id='word_1_71' title='bbox 594 1086 652 1145; x_wconf 81' lang='lat' dir='ltr'><strong>alte</strong></span> <span class='ocrx_word' id='word_1_72' title='bbox 663 1087 783 1164; x_wconf 75' lang='lat' dir='ltr'><strong>parabat</strong></span> 
     </span>
    </p>

    <p class='ocr_par' dir='ltr' id='par_1_11' title="bbox 78 1162 762 1243">
     <span class='ocr_line' id='line_1_12' title="bbox 78 1162 762 1243; baseline 0.006 -23"><span class='ocrx_word' id='word_1_73' title='bbox 78 1163 218 1222; x_wconf 78' lang='lat' dir='ltr'><strong>Culmina</strong></span> <span class='ocrx_word' id='word_1_74' title='bbox 231 1162 372 1237; x_wconf 70' lang='lat' dir='ltr'><strong>villarum</strong></span> <span class='ocrx_word' id='word_1_75' title='bbox 385 1163 495 1222; x_wconf 80' lang='lat' dir='ltr'><strong>Graeeis</strong></span> <span class='ocrx_word' id='word_1_76' title='bbox 508 1162 653 1242; x_wconf 67' lang='lat' dir='ltr'><strong>longeque</strong></span> <span class='ocrx_word' id='word_1_77' title='bbox 664 1165 762 1243; x_wconf 86' lang='lat' dir='ltr'><strong>petitis</strong></span> 
     </span>
    </p>

    <p class='ocr_par' dir='ltr' id='par_1_12' title="bbox 79 1241 930 1322">
     <span class='ocr_line' id='line_1_13' title="bbox 79 1241 930 1322; baseline 0.007 -22"><span class='ocrx_word' id='word_1_78' title='bbox 79 1241 285 1315; x_wconf 78' lang='lat' dir='ltr'><strong>Marmoribus,</strong></span> <span class='ocrx_word' id='word_1_79' title='bbox 299 1242 417 1301; x_wconf 77' lang='lat' dir='ltr'><strong>vincens</strong></span> <span class='ocrx_word' id='word_1_80' title='bbox 431 1241 567 1301; x_wconf 73' lang='lat' dir='ltr'><strong>Fortunat</strong></span> <span class='ocrx_word' id='word_1_81' title='bbox 581 1253 666 1320; x_wconf 80' lang='lat' dir='ltr'><strong>atque</strong></span> <span class='ocrx_word' id='word_1_82' title='bbox 677 1243 815 1304; x_wconf 80' lang='lat' dir='ltr'><strong>Herculis</strong></span> <span class='ocrx_word' id='word_1_83' title='bbox 828 1244 930 1322; x_wconf 66' lang='lat' dir='ltr'><strong>odem,</strong></span> 
     </span>
    </p>

    <p class='ocr_par' dir='ltr' id='par_1_13' title="bbox 78 1319 773 1397">
     <span class='ocr_line' id='line_1_14' title="bbox 78 1319 773 1397; baseline 0.001 -18"><span class='ocrx_word' id='word_1_84' title='bbox 78 1319 120 1379; x_wconf 88' lang='lat' dir='ltr'><strong>Ut</strong></span> <span class='ocrx_word' id='word_1_85' title='bbox 133 1321 223 1397; x_wconf 77' lang='lat' dir='ltr'><strong>spado</strong></span> <span class='ocrx_word' id='word_1_86' title='bbox 235 1321 367 1379; x_wconf 74' lang='lat' dir='ltr'><strong>vindebet</strong></span> <span class='ocrx_word' id='word_1_87' title='bbox 380 1320 524 1396; x_wconf 77' lang='lat' dir='ltr'><strong>Capitulis</strong></span> <span class='ocrx_word' id='word_1_88' title='bbox 536 1332 634 1380; x_wconf 78' lang='lat' dir='ltr'><strong>nostru</strong></span> <span class='ocrx_word' id='word_1_89' title='bbox 646 1321 773 1381; x_wconf 85' lang='lat' dir='ltr'><strong>Posides.</strong></span> 
     </span>
    </p>

    <p class='ocr_par' dir='ltr' id='par_1_14' title="bbox 78 1397 844 1476">
     <span class='ocr_line' id='line_1_15' title="bbox 78 1397 844 1476; baseline 0.003 -20"><span class='ocrx_word' id='word_1_90' title='bbox 78 1400 161 1456; x_wconf 89' lang='lat' dir='ltr'><strong>Dum</strong></span> <span class='ocrx_word' id='word_1_91' title='bbox 176 1399 219 1458; x_wconf 86' lang='lat' dir='ltr'><strong>sie</strong></span> <span class='ocrx_word' id='word_1_92' title='bbox 230 1397 301 1476; x_wconf 81' lang='lat' dir='ltr'><strong>ergd</strong></span> <span class='ocrx_word' id='word_1_93' title='bbox 315 1398 426 1458; x_wconf 78' lang='lat' dir='ltr'><strong>habitet</strong></span> <span class='ocrx_word' id='word_1_94' title='bbox 438 1397 602 1471; x_wconf 82' lang='lat' dir='ltr'><strong>Cetronius,</strong></span> <span class='ocrx_word' id='word_1_95' title='bbox 615 1399 760 1459; x_wconf 85' lang='lat' dir='ltr'><strong>imminuit</strong></span> <span class='ocrx_word' id='word_1_96' title='bbox 772 1417 844 1476; x_wconf 81' lang='lat' dir='ltr'><strong>rem,</strong></span> 
     </span>
    </p>

    <p class='ocr_par' dir='ltr' id='par_1_15' title="bbox 79 1477 834 1555">
     <span class='ocr_line' id='line_1_16' title="bbox 79 1477 834 1555; baseline 0.001 -20"><span class='ocrx_word' id='word_1_97' title='bbox 79 1477 181 1554; x_wconf 83' lang='lat' dir='ltr'><strong>Fregit</strong></span> <span class='ocrx_word' id='word_1_98' title='bbox 193 1497 279 1553; x_wconf 79' lang='lat' dir='ltr'><strong>oper3</strong></span> <span class='ocrx_word' id='word_1_99' title='bbox 300 1497 355 1536; x_wconf 86' lang='lat' dir='ltr'><strong>nee</strong></span> <span class='ocrx_word' id='word_1_100' title='bbox 368 1496 455 1555; x_wconf 79' lang='lat' dir='ltr'><strong>parva</strong></span> <span class='ocrx_word' id='word_1_101' title='bbox 468 1487 565 1535; x_wconf 76' lang='lat' dir='ltr'><strong>tumen</strong></span> <span class='ocrx_word' id='word_1_102' title='bbox 578 1495 713 1535; x_wconf 79' lang='lat' dir='ltr'><strong>mensura</strong></span> <span class='ocrx_word' id='word_1_103' title='bbox 725 1477 834 1536; x_wconf 68' lang='lat' dir='ltr'><strong>relicte</strong></span> 
     </span>
    </p>

    <p class='ocr_par' dir='ltr' id='par_1_16' title="bbox 79 1554 812 1630">
     <span class='ocr_line' id='line_1_17' title="bbox 79 1554 812 1630; baseline 0.001 -16"><span class='ocrx_word' id='word_1_104' title='bbox 79 1556 175 1614; x_wconf 80' lang='lat' dir='ltr'><strong>Partis</strong></span> <span class='ocrx_word' id='word_1_105' title='bbox 188 1567 268 1615; x_wconf 77' lang='lat' dir='ltr'><strong>eret:</strong></span> <span class='ocrx_word' id='word_1_106' title='bbox 289 1566 378 1615; x_wconf 83' lang='lat' dir='ltr'><strong>totam</strong></span> <span class='ocrx_word' id='word_1_107' title='bbox 389 1557 466 1614; x_wconf 79' lang='lat' dir='ltr'><strong>hene</strong></span> <span class='ocrx_word' id='word_1_108' title='bbox 478 1554 602 1614; x_wconf 72' lang='lat' dir='ltr'><strong>turbavit</strong></span> <span class='ocrx_word' id='word_1_109' title='bbox 614 1555 690 1613; x_wconf 88' lang='lat' dir='ltr'><strong>lilius</strong></span> <span class='ocrx_word' id='word_1_110' title='bbox 703 1573 812 1630; x_wconf 79' lang='lat' dir='ltr'><strong>umens,</strong></span> 
     </span>
    </p>

    <p class='ocr_par' dir='ltr' id='par_1_17' title="bbox 79 1632 1073 1790">
     <span class='ocr_line' id='line_1_18' title="bbox 79 1632 1073 1695; baseline 0.003 -3"><span class='ocrx_word' id='word_1_111' title='bbox 79 1634 161 1692; x_wconf 90' lang='lat' dir='ltr'><strong>Dum</strong></span> <span class='ocrx_word' id='word_1_112' title='bbox 173 1635 290 1695; x_wconf 85' lang='lat' dir='ltr'><strong>meliore</strong></span> <span class='ocrx_word' id='word_1_113' title='bbox 304 1632 660 1694; x_wconf 74' lang='lat' dir='ltr'><strong>normattollitmurmore</strong></span> <span class='ocrx_word' id='word_1_114' title='bbox 673 1634 761 1694; x_wconf 79' lang='lat' dir='ltr'><strong>villus</strong></span> <span class='ocrx_word' id='word_1_115' title='bbox 1031 1635 1073 1695; x_wconf 76' lang='lat'><strong>95</strong></span> 
     </span>
     <span class='ocr_line' id='line_1_19' title="bbox 116 1713 814 1790; baseline -0.003 -16"><span class='ocrx_word' id='word_1_116' title='bbox 116 1713 253 1776; x_wconf 74' lang='lat' dir='ltr'><strong>Quidem</strong></span> <span class='ocrx_word' id='word_1_117' title='bbox 267 1713 358 1772; x_wconf 85' lang='lat' dir='ltr'><strong>sortiti</strong></span> <span class='ocrx_word' id='word_1_118' title='bbox 372 1723 547 1773; x_wconf 86' lang='lat' dir='ltr'><strong>metuentem</strong></span> <span class='ocrx_word' id='word_1_119' title='bbox 560 1713 680 1772; x_wconf 78' lang='lat' dir='ltr'><strong>sabbate</strong></span> <span class='ocrx_word' id='word_1_120' title='bbox 692 1725 814 1790; x_wconf 84' lang='lat' dir='ltr'><strong>putrem,</strong></span> 
     </span>
    </p>

    <p class='ocr_par' dir='ltr' id='par_1_18' title="bbox 64 1792 746 1869">
     <span class='ocr_line' id='line_1_20' title="bbox 64 1792 746 1869; baseline 0.001 -19"><span class='ocrx_word' id='word_1_121' title='bbox 64 1831 66 1837; x_wconf 89' lang='lat'>-</span> <span class='ocrx_word' id='word_1_122' title='bbox 79 1792 131 1850; x_wconf 91' lang='lat' dir='ltr'><strong>Nil</strong></span> <span class='ocrx_word' id='word_1_123' title='bbox 145 1803 249 1869; x_wconf 82' lang='lat' dir='ltr'><strong>praeter</strong></span> <span class='ocrx_word' id='word_1_124' title='bbox 262 1793 355 1850; x_wconf 88' lang='lat' dir='ltr'><strong>nubes</strong></span> <span class='ocrx_word' id='word_1_125' title='bbox 368 1802 397 1850; x_wconf 88' lang='lat' dir='ltr'><strong>et</strong></span> <span class='ocrx_word' id='word_1_126' title='bbox 409 1792 476 1851; x_wconf 81' lang='lat' dir='ltr'><strong>eoeli</strong></span> <span class='ocrx_word' id='word_1_127' title='bbox 489 1810 597 1851; x_wconf 84' lang='lat' dir='ltr'><strong>numen</strong></span> <span class='ocrx_word' id='word_1_128' title='bbox 611 1793 746 1864; x_wconf 79' lang='lat' dir='ltr'><strong>edornnt3</strong></span> 
     </span>
    </p>

    <p class='ocr_par' dir='ltr' id='par_1_19' title="bbox 79 1869 762 1947">
     <span class='ocr_line' id='line_1_21' title="bbox 79 1869 762 1947; baseline 0.003 -19"><span class='ocrx_word' id='word_1_129' title='bbox 79 1869 148 1929; x_wconf 88' lang='lat' dir='ltr'><strong>Nee</strong></span> <span class='ocrx_word' id='word_1_130' title='bbox 161 1871 267 1930; x_wconf 83' lang='lat' dir='ltr'><strong>distare</strong></span> <span class='ocrx_word' id='word_1_131' title='bbox 280 1880 383 1947; x_wconf 78' lang='lat' dir='ltr'><strong>putant</strong></span> <span class='ocrx_word' id='word_1_132' title='bbox 395 1871 523 1929; x_wconf 71' lang='lat' dir='ltr'><strong>hument</strong></span> <span class='ocrx_word' id='word_1_133' title='bbox 536 1889 624 1930; x_wconf 77' lang='lat' dir='ltr'><strong>earne</strong></span> <span class='ocrx_word' id='word_1_134' title='bbox 637 1871 762 1945; x_wconf 80' lang='lat' dir='ltr'><strong>suillam,</strong></span> 
     </span>
    </p>

    <p class='ocr_par' dir='ltr' id='par_1_20' title="bbox 78 1949 833 2026">
     <span class='ocr_line' id='line_1_22' title="bbox 78 1949 833 2026; baseline -0.005 -15"><span class='ocrx_word' id='word_1_135' title='bbox 78 1949 153 2011; x_wconf 76' lang='lat' dir='ltr'><strong>Qut</strong></span> <span class='ocrx_word' id='word_1_136' title='bbox 165 1960 245 2025; x_wconf 79' lang='lat' dir='ltr'><strong>puter</strong></span> <span class='ocrx_word' id='word_1_137' title='bbox 259 1949 411 2019; x_wconf 80' lang='lat' dir='ltr'><strong>abstinuit3</strong></span> <span class='ocrx_word' id='word_1_138' title='bbox 432 1966 499 2007; x_wconf 85' lang='lat' dir='ltr'><strong>mox</strong></span> <span class='ocrx_word' id='word_1_139' title='bbox 511 1959 541 2007; x_wconf 88' lang='lat' dir='ltr'><strong>et</strong></span> <span class='ocrx_word' id='word_1_140' title='bbox 553 1949 692 2026; x_wconf 80' lang='lat' dir='ltr'><strong>proeputit</strong></span> <span class='ocrx_word' id='word_1_141' title='bbox 704 1957 833 2026; x_wconf 86' lang='lat' dir='ltr'><strong>ponunt:</strong></span> 
     </span>
    </p>

    <p class='ocr_par' dir='ltr' id='par_1_21' title="bbox 81 2027 1073 2104">
     <span class='ocr_line' id='line_1_23' title="bbox 81 2027 1073 2104; baseline 0.004 -20"><span class='ocrx_word' id='word_1_142' title='bbox 81 2028 232 2086; x_wconf 78' lang='lat' dir='ltr'><strong>Romanus</strong></span> <span class='ocrx_word' id='word_1_143' title='bbox 246 2038 341 2086; x_wconf 81' lang='lat' dir='ltr'><strong>autem</strong></span> <span class='ocrx_word' id='word_1_144' title='bbox 356 2027 431 2086; x_wconf 91' lang='lat' dir='ltr'><strong>soliti</strong></span> <span class='ocrx_word' id='word_1_145' title='bbox 445 2037 628 2086; x_wconf 83' lang='lat' dir='ltr'><strong>eontemnere</strong></span> <span class='ocrx_word' id='word_1_146' title='bbox 643 2027 722 2104; x_wconf 81' lang='lat' dir='ltr'><strong>leges</strong></span> <span class='ocrx_word' id='word_1_147' title='bbox 1015 2028 1073 2088; x_wconf 82' lang='lat'><strong>10⁰</strong></span> 
     </span>
    </p>

    <p class='ocr_par' dir='ltr' id='par_1_22' title="bbox 79 2105 839 2184">
     <span class='ocr_line' id='line_1_24' title="bbox 79 2105 839 2184; baseline 0.001 -21"><span class='ocrx_word' id='word_1_148' title='bbox 79 2106 98 2163; x_wconf 85' lang='lat' dir='ltr'>J</span> <span class='ocrx_word' id='word_1_149' title='bbox 101 2107 240 2164; x_wconf 83' lang='lat' dir='ltr'><strong>udeieum</strong></span> <span class='ocrx_word' id='word_1_150' title='bbox 253 2106 396 2178; x_wconf 68' lang='lat' dir='ltr'><strong>ediscunt,</strong></span> <span class='ocrx_word' id='word_1_151' title='bbox 410 2116 440 2165; x_wconf 90' lang='lat' dir='ltr'><strong>et</strong></span> <span class='ocrx_word' id='word_1_152' title='bbox 453 2116 575 2178; x_wconf 82' lang='lat' dir='ltr'><strong>servunt,</strong></span> <span class='ocrx_word' id='word_1_153' title='bbox 590 2124 625 2164; x_wconf 78' lang='lat' dir='ltr'><strong>ac</strong></span> <span class='ocrx_word' id='word_1_154' title='bbox 638 2115 770 2166; x_wconf 87' lang='lat' dir='ltr'><strong>metuunt</strong></span> <span class='ocrx_word' id='word_1_155' title='bbox 781 2105 839 2184; x_wconf 86' lang='lat' dir='ltr'><strong>jus,</strong></span> 
     </span>
    </p>

    <p class='ocr_par' dir='ltr' id='par_1_23' title="bbox 79 2183 819 2261">
     <span class='ocr_line' id='line_1_25' title="bbox 79 2183 819 2261; baseline 0.004 -19"><span class='ocrx_word' id='word_1_156' title='bbox 79 2185 217 2243; x_wconf 71' lang='lat' dir='ltr'><strong>Tradidit</strong></span> <span class='ocrx_word' id='word_1_157' title='bbox 231 2204 336 2244; x_wconf 80' lang='lat' dir='ltr'><strong>uterne</strong></span> <span class='ocrx_word' id='word_1_158' title='bbox 349 2186 541 2261; x_wconf 84' lang='lat' dir='ltr'><strong>quodeunque</strong></span> <span class='ocrx_word' id='word_1_159' title='bbox 554 2184 697 2243; x_wconf 86' lang='lat' dir='ltr'><strong>volumine</strong></span> <span class='ocrx_word' id='word_1_160' title='bbox 712 2183 819 2245; x_wconf 87' lang='lat' dir='ltr'><strong>Moses.</strong></span> 
     </span>
    </p>

    <p class='ocr_par' dir='ltr' id='par_1_24' title="bbox 79 2263 819 2338">
     <span class='ocr_line' id='line_1_26' title="bbox 79 2263 819 2338; baseline 0.003 -17"><span class='ocrx_word' id='word_1_161' title='bbox 79 2263 149 2321; x_wconf 87' lang='lat' dir='ltr'><strong>Non</strong></span> <span class='ocrx_word' id='word_1_162' title='bbox 164 2275 321 2322; x_wconf 75' lang='lat' dir='ltr'><strong>monstrare</strong></span> <span class='ocrx_word' id='word_1_163' title='bbox 334 2264 403 2338; x_wconf 82' lang='lat' dir='ltr'><strong>vias,</strong></span> <span class='ocrx_word' id='word_1_164' title='bbox 418 2263 521 2322; x_wconf 80' lang='lat' dir='ltr'><strong>eadem</strong></span> <span class='ocrx_word' id='word_1_165' title='bbox 534 2263 590 2322; x_wconf 87' lang='lat' dir='ltr'><strong>nisi</strong></span> <span class='ocrx_word' id='word_1_166' title='bbox 600 2282 683 2322; x_wconf 77' lang='lat' dir='ltr'><strong>saort</strong></span> <span class='ocrx_word' id='word_1_167' title='bbox 694 2264 819 2335; x_wconf 76' lang='lat' dir='ltr'><strong>nolenti3</strong></span> 
     </span>
    </p>

    <p class='ocr_par' dir='ltr' id='par_1_25' title="bbox 77 2342 783 2418">
     <span class='ocr_line' id='line_1_27' title="bbox 77 2342 783 2418; baseline -0.007 -14"><span class='ocrx_word' id='word_1_168' title='bbox 77 2342 247 2404; x_wconf 77' lang='lat' dir='ltr'><strong>Quaesirum</strong></span> <span class='ocrx_word' id='word_1_169' title='bbox 263 2343 299 2400; x_wconf 80' lang='lat' dir='ltr'><strong>td</strong></span> <span class='ocrx_word' id='word_1_170' title='bbox 313 2342 419 2401; x_wconf 81' lang='lat' dir='ltr'><strong>iontem</strong></span> <span class='ocrx_word' id='word_1_171' title='bbox 433 2342 507 2400; x_wconf 89' lang='lat' dir='ltr'><strong>solos</strong></span> <span class='ocrx_word' id='word_1_172' title='bbox 518 2342 662 2399; x_wconf 79' lang='lat' dir='ltr'><strong>dedueere</strong></span> <span class='ocrx_word' id='word_1_173' title='bbox 675 2361 783 2418; x_wconf 80' lang='lat' dir='ltr'><strong>verpus.</strong></span> 
     </span>
    </p>

    <p class='ocr_par' dir='ltr' id='par_1_26' title="bbox 79 2419 1072 2498">
     <span class='ocr_line' id='line_1_28' title="bbox 79 2419 1072 2498; baseline 0 -20"><span class='ocrx_word' id='word_1_174' title='bbox 79 2421 139 2478; x_wconf 88' lang='lat' dir='ltr'><strong>Sed</strong></span> <span class='ocrx_word' id='word_1_175' title='bbox 153 2433 234 2498; x_wconf 80' lang='lat' dir='ltr'><strong>peter</strong></span> <span class='ocrx_word' id='word_1_176' title='bbox 248 2420 278 2478; x_wconf 93' lang='lat' dir='ltr'><strong>in</strong></span> <span class='ocrx_word' id='word_1_177' title='bbox 292 2421 388 2492; x_wconf 75' lang='lat' dir='ltr'><strong>must,</strong></span> <span class='ocrx_word' id='word_1_178' title='bbox 403 2419 451 2478; x_wconf 78' lang='lat' dir='ltr'><strong>oui</strong></span> <span class='ocrx_word' id='word_1_179' title='bbox 465 2419 585 2496; x_wconf 80' lang='lat' dir='ltr'><strong>septime</strong></span> <span class='ocrx_word' id='word_1_180' title='bbox 597 2437 716 2494; x_wconf 71' lang='lat' dir='ltr'><strong>qumque</strong></span> <span class='ocrx_word' id='word_1_181' title='bbox 730 2419 784 2477; x_wconf 87' lang='lat' dir='ltr'><strong>fuit</strong></span> <span class='ocrx_word' id='word_1_182' title='bbox 796 2420 847 2478; x_wconf 85' lang='lat' dir='ltr'><strong>lux</strong></span> <span class='ocrx_word' id='word_1_183' title='bbox 1015 2419 1072 2478; x_wconf 80' lang='lat'><strong>1⁰5</strong></span> 
     </span>
    </p>

    <p class='ocr_par' dir='ltr' id='par_1_27' title="bbox 78 2496 879 2655">
     <span class='ocr_line' id='line_1_29' title="bbox 78 2496 724 2576; baseline -0.002 -21"><span class='ocrx_word' id='word_1_184' title='bbox 78 2498 192 2576; x_wconf 76' lang='lat' dir='ltr'><strong>Ignara</strong></span> <span class='ocrx_word' id='word_1_185' title='bbox 205 2510 234 2557; x_wconf 89' lang='lat' dir='ltr'><strong>et</strong></span> <span class='ocrx_word' id='word_1_186' title='bbox 246 2510 357 2575; x_wconf 82' lang='lat' dir='ltr'><strong>partem</strong></span> <span class='ocrx_word' id='word_1_187' title='bbox 371 2499 435 2558; x_wconf 79' lang='lat' dir='ltr'><strong>vitae</strong></span> <span class='ocrx_word' id='word_1_188' title='bbox 449 2517 508 2557; x_wconf 91' lang='lat' dir='ltr'><strong>non</strong></span> <span class='ocrx_word' id='word_1_189' title='bbox 522 2497 615 2574; x_wconf 81' lang='lat' dir='ltr'><strong>attigit</strong></span> <span class='ocrx_word' id='word_1_190' title='bbox 628 2496 724 2554; x_wconf 75' lang='lat' dir='ltr'><strong>ullam.</strong></span> 
     </span>
     <span class='ocr_line' id='line_1_30' title="bbox 120 2574 879 2655; baseline -0.004 -19"><span class='ocrx_word' id='word_1_191' title='bbox 120 2579 230 2655; x_wconf 81' lang='lat' dir='ltr'><strong>Sponte</strong></span> <span class='ocrx_word' id='word_1_192' title='bbox 244 2589 340 2636; x_wconf 85' lang='lat' dir='ltr'><strong>temen</strong></span> <span class='ocrx_word' id='word_1_193' title='bbox 347 2578 468 2655; x_wconf 81' lang='lat' dir='ltr'><strong>juvenes</strong></span> <span class='ocrx_word' id='word_1_194' title='bbox 483 2575 630 2635; x_wconf 82' lang='lat' dir='ltr'><strong>imitantur</strong></span> <span class='ocrx_word' id='word_1_195' title='bbox 644 2585 768 2633; x_wconf 80' lang='lat' dir='ltr'><strong>eaeteru:</strong></span> <span class='ocrx_word' id='word_1_196' title='bbox 789 2574 879 2635; x_wconf 79' lang='lat' dir='ltr'><strong>solam</strong></span> 
     </span>
    </p>

    <p class='ocr_par' dir='ltr' id='par_1_28' title="bbox 80 2655 755 2732">
     <span class='ocr_line' id='line_1_31' title="bbox 80 2655 755 2732; baseline -0.001 -19"><span class='ocrx_word' id='word_1_197' title='bbox 80 2656 168 2714; x_wconf 87' lang='lat' dir='ltr'><strong>Inviti</strong></span> <span class='ocrx_word' id='word_1_198' title='bbox 181 2674 293 2732; x_wconf 88' lang='lat' dir='ltr'><strong>quoque</strong></span> <span class='ocrx_word' id='word_1_199' title='bbox 309 2656 453 2714; x_wconf 78' lang='lat' dir='ltr'><strong>avaritiam</strong></span> <span class='ocrx_word' id='word_1_200' title='bbox 466 2673 599 2714; x_wconf 68' lang='lat' dir='ltr'><strong>exeruere</strong></span> <span class='ocrx_word' id='word_1_201' title='bbox 610 2655 755 2732; x_wconf 86' lang='lat' dir='ltr'><strong>jubentur.</strong></span> 
     </span>
    </p>

    <p class='ocr_par' dir='ltr' id='par_1_29' title="bbox 80 2734 773 2810">
     <span class='ocr_line' id='line_1_32' title="bbox 80 2734 773 2810; baseline 0 -18"><span class='ocrx_word' id='word_1_202' title='bbox 80 2735 169 2793; x_wconf 80' lang='lat' dir='ltr'><strong>Fallit</strong></span> <span class='ocrx_word' id='word_1_203' title='bbox 181 2734 259 2792; x_wconf 89' lang='lat' dir='ltr'><strong>enirn</strong></span> <span class='ocrx_word' id='word_1_204' title='bbox 272 2734 372 2794; x_wconf 85' lang='lat' dir='ltr'><strong>vitium</strong></span> <span class='ocrx_word' id='word_1_205' title='bbox 385 2735 484 2810; x_wconf 85' lang='lat' dir='ltr'><strong>speeie·</strong></span> <span class='ocrx_word' id='word_1_206' title='bbox 493 2734 605 2793; x_wconf 82' lang='lat' dir='ltr'><strong>virtutis</strong></span> <span class='ocrx_word' id='word_1_207' title='bbox 618 2745 647 2792; x_wconf 86' lang='lat' dir='ltr'><strong>et</strong></span> <span class='ocrx_word' id='word_1_208' title='bbox 661 2734 773 2808; x_wconf 79' lang='lat' dir='ltr'><strong>umbri,</strong></span> 
     </span>
    </p>

    <p class='ocr_par' dir='ltr' id='par_1_30' title="bbox 79 2811 1071 2889">
     <span class='ocr_line' id='line_1_33' title="bbox 79 2811 1071 2889; baseline -0.005 -14"><span class='ocrx_word' id='word_1_209' title='bbox 79 2815 183 2875; x_wconf 82' lang='lat' dir='ltr'><strong>Quum</strong></span> <span class='ocrx_word' id='word_1_210' title='bbox 198 2813 234 2871; x_wconf 88' lang='lat' dir='ltr'><strong>sit</strong></span> <span class='ocrx_word' id='word_1_211' title='bbox 247 2812 326 2872; x_wconf 87' lang='lat' dir='ltr'><strong>triste</strong></span> <span class='ocrx_word' id='word_1_212' title='bbox 339 2813 439 2872; x_wconf 78' lang='lat' dir='ltr'><strong>habitu</strong></span> <span class='ocrx_word' id='word_1_213' title='bbox 452 2812 586 2889; x_wconf 86' lang='lat' dir='ltr'><strong>vultuque</strong></span> <span class='ocrx_word' id='word_1_214' title='bbox 600 2824 629 2871; x_wconf 87' lang='lat' dir='ltr'><strong>et</strong></span> <span class='ocrx_word' id='word_1_215' title='bbox 642 2824 720 2872; x_wconf 80' lang='lat' dir='ltr'><strong>veste</strong></span> <span class='ocrx_word' id='word_1_216' title='bbox 734 2831 875 2874; x_wconf 85' lang='lat' dir='ltr'><strong>severum.</strong></span> <span class='ocrx_word' id='word_1_217' title='bbox 1013 2811 1071 2872; x_wconf 84' lang='lat'><strong>11⁰</strong></span> 
     </span>
    </p>

    <p class='ocr_par' dir='ltr' id='par_1_31' title="bbox 80 2889 783 2969">
     <span class='ocr_line' id='line_1_34' title="bbox 80 2889 783 2969; baseline 0 -20"><span class='ocrx_word' id='word_1_218' title='bbox 80 2892 110 2949; x_wconf 94' lang='lat' dir='ltr'>N</span> <span class='ocrx_word' id='word_1_219' title='bbox 112 2911 150 2950; x_wconf 83' lang='lat' dir='ltr'><strong>ee</strong></span> <span class='ocrx_word' id='word_1_220' title='bbox 163 2889 262 2964; x_wconf 76' lang='lat' dir='ltr'><strong>dubie,</strong></span> <span class='ocrx_word' id='word_1_221' title='bbox 275 2903 412 2968; x_wconf 81' lang='lat' dir='ltr'><strong>tunquam</strong></span> <span class='ocrx_word' id='word_1_222' title='bbox 425 2892 510 2969; x_wconf 81' lang='lat' dir='ltr'><strong>frugi,</strong></span> <span class='ocrx_word' id='word_1_223' title='bbox 523 2893 657 2951; x_wconf 78' lang='lat' dir='ltr'><strong>laudetur</strong></span> <span class='ocrx_word' id='word_1_224' title='bbox 670 2911 783 2966; x_wconf 77' lang='lat' dir='ltr'><strong>ruerus,</strong></span> 
     </span>
    </p>

    <p class='ocr_par' dir='ltr' id='par_1_32' title="bbox 80 2969 849 3066">
     <span class='ocr_line' id='line_1_35' title="bbox 80 2969 849 3066; baseline -0.003 -38"><span class='ocrx_word' id='word_1_225' title='bbox 80 2971 237 3046; x_wconf 83' lang='lat' dir='ltr'><strong>Tanquam</strong></span> <span class='ocrx_word' id='word_1_226' title='bbox 249 2989 354 3066; x_wconf 76' lang='lat' dir='ltr'><strong>pareus</strong></span> <span class='ocrx_word' id='word_1_227' title='bbox 368 2972 464 3041; x_wconf 87' lang='lat' dir='ltr'><strong>horno,</strong></span> <span class='ocrx_word' id='word_1_228' title='bbox 477 2982 507 3028; x_wconf 89' lang='lat' dir='ltr'><strong>et</strong></span> <span class='ocrx_word' id='word_1_229' title='bbox 519 2987 616 3027; x_wconf 90' lang='lat' dir='ltr'><strong>rerum</strong></span> <span class='ocrx_word' id='word_1_230' title='bbox 629 2969 719 3027; x_wconf 80' lang='lat' dir='ltr'><strong>tutela</strong></span> <span class='ocrx_word' id='word_1_231' title='bbox 732 2985 849 3026; x_wconf 83' lang='lat' dir='ltr'><strong>suerum</strong></span> 
     </span>
    </p>

    <p class='ocr_par' dir='ltr' id='par_1_33' title="bbox 80 3045 801 3126">
     <span class='ocr_line' id='line_1_36' title="bbox 80 3045 801 3126; baseline -0.01 -18"><span class='ocrx_word' id='word_1_232' title='bbox 80 3051 172 3108; x_wconf 77' lang='lat' dir='ltr'><strong>Certe</strong></span> <span class='ocrx_word' id='word_1_233' title='bbox 184 3067 287 3126; x_wconf 77' lang='lat' dir='ltr'><strong>magis,</strong></span> <span class='ocrx_word' id='word_1_234' title='bbox 300 3045 388 3124; x_wconf 69' lang='lat' dir='ltr'><strong>quim</strong></span> <span class='ocrx_word' id='word_1_235' title='bbox 402 3047 426 3104; x_wconf 89' lang='lat' dir='ltr'><strong>si</strong></span> <span class='ocrx_word' id='word_1_236' title='bbox 440 3049 567 3105; x_wconf 77' lang='lat' dir='ltr'><strong>fortunas</strong></span> <span class='ocrx_word' id='word_1_237' title='bbox 580 3055 672 3102; x_wconf 86' lang='lat' dir='ltr'><strong>servet</strong></span> <span class='ocrx_word' id='word_1_238' title='bbox 684 3045 801 3102; x_wconf 76' lang='lat' dir='ltr'><strong>eusdem</strong></span> 
     </span>
    </p>

    <p class='ocr_par' dir='ltr' id='par_1_34' title="bbox 80 3117 1003 3204">
     <span class='ocr_line' id='line_1_37' title="bbox 80 3117 1003 3204; baseline -0.009 -18"><span class='ocrx_word' id='word_1_239' title='bbox 80 3127 277 3204; x_wconf 82' lang='lat' dir='ltr'><strong>Hesperidum</strong></span> <span class='ocrx_word' id='word_1_240' title='bbox 291 3143 409 3201; x_wconf 87' lang='lat' dir='ltr'><strong>serpens</strong></span> <span class='ocrx_word' id='word_1_241' title='bbox 423 3133 472 3181; x_wconf 81' lang='lat' dir='ltr'><strong>aut</strong></span> <span class='ocrx_word' id='word_1_242' title='bbox 484 3121 630 3180; x_wconf 75' lang='lat' dir='ltr'><strong>Pontinus.</strong></span> <span class='ocrx_word' id='word_1_243' title='bbox 670 3120 758 3178; x_wconf 83' lang='lat' dir='ltr'><strong>Adde</strong></span> <span class='ocrx_word' id='word_1_244' title='bbox 771 3118 849 3197; x_wconf 83' lang='lat' dir='ltr'><strong>qudd</strong></span> <span class='ocrx_word' id='word_1_245' title='bbox 862 3120 951 3196; x_wconf 78' lang='lat' dir='ltr'><strong>hunt,</strong></span> <span class='ocrx_word' id='word_1_246' title='bbox 964 3117 1003 3178; x_wconf 84' lang='lat' dir='ltr'><strong>de</strong></span> 
     </span>
    </p>

    <p class='ocr_par' dir='ltr' id='par_1_35' title="bbox 79 3198 1073 3282">
     <span class='ocr_line' id='line_1_38' title="bbox 79 3198 1073 3282; baseline -0.011 -13"><span class='ocrx_word' id='word_1_247' title='bbox 79 3206 152 3269; x_wconf 75' lang='lat' dir='ltr'><strong>Quo</strong></span> <span class='ocrx_word' id='word_1_248' title='bbox 165 3205 273 3282; x_wconf 88' lang='lat' dir='ltr'><strong>loquor,</strong></span> <span class='ocrx_word' id='word_1_249' title='bbox 286 3201 435 3282; x_wconf 80' lang='lat' dir='ltr'><strong>egregium</strong></span> <span class='ocrx_word' id='word_1_250' title='bbox 448 3200 569 3278; x_wconf 88' lang='lat' dir='ltr'><strong>populus</strong></span> <span class='ocrx_word' id='word_1_251' title='bbox 581 3210 662 3277; x_wconf 81' lang='lat' dir='ltr'><strong>putet</strong></span> <span class='ocrx_word' id='word_1_252' title='bbox 675 3198 843 3277; x_wconf 72' lang='lat' dir='ltr'><strong>requirendi</strong></span> <span class='ocrx_word' id='word_1_253' title='bbox 1014 3198 1073 3259; x_wconf 75' lang='lat'><strong>116</strong></span> 
     </span>
    </p>

    <p class='ocr_par' dir='ltr' id='par_1_36' title="bbox 81 3278 879 3362">
     <span class='ocr_line' id='line_1_39' title="bbox 81 3278 879 3362; baseline -0.005 -18"><span class='ocrx_word' id='word_1_254' title='bbox 81 3285 253 3344; x_wconf 75' lang='lat' dir='ltr'><strong>Artificem:</strong></span> <span class='ocrx_word' id='word_1_255' title='bbox 273 3283 378 3362; x_wconf 86' lang='lat' dir='ltr'><strong>quippe</strong></span> <span class='ocrx_word' id='word_1_256' title='bbox 391 3280 437 3340; x_wconf 89' lang='lat' dir='ltr'><strong>his</strong></span> <span class='ocrx_word' id='word_1_257' title='bbox 450 3289 586 3340; x_wconf 72' lang='lat' dir='ltr'><strong>creseunt</strong></span> <span class='ocrx_word' id='word_1_258' title='bbox 597 3279 769 3358; x_wconf 73' lang='lat' dir='ltr'><strong>patrimonia</strong></span> <span class='ocrx_word' id='word_1_259' title='bbox 782 3278 879 3344; x_wconf 73' lang='lat' dir='ltr'><strong>labris.</strong></span> 
     </span>
    </p>

    <p class='ocr_par' dir='ltr' id='par_1_37' title="bbox 82 3359 845 3440">
     <span class='ocr_line' id='line_1_40' title="bbox 82 3359 845 3440; baseline -0.001 -18"><span class='ocrx_word' id='word_1_260' title='bbox 82 3364 143 3422; x_wconf 84' lang='lat' dir='ltr'><strong>Sed</strong></span> <span class='ocrx_word' id='word_1_261' title='bbox 157 3373 292 3421; x_wconf 76' lang='lat' dir='ltr'><strong>creseunt</strong></span> <span class='ocrx_word' id='word_1_262' title='bbox 304 3379 475 3439; x_wconf 84' lang='lat' dir='ltr'><strong>quoeunque</strong></span> <span class='ocrx_word' id='word_1_263' title='bbox 488 3359 582 3434; x_wconf 89' lang='lat' dir='ltr'><strong>modo,</strong></span> <span class='ocrx_word' id='word_1_264' title='bbox 596 3359 758 3440; x_wconf 80' lang='lat' dir='ltr'><strong>majoreque</strong></span> <span class='ocrx_word' id='word_1_265' title='bbox 771 3359 845 3421; x_wconf 89' lang='lat' dir='ltr'><strong>fiunt</strong></span> 
     </span>
    </p>

    <p class='ocr_par' dir='ltr' id='par_1_38' title="bbox 82 3441 781 3520">
     <span class='ocr_line' id='line_1_41' title="bbox 82 3441 781 3520; baseline -0.003 -20"><span class='ocrx_word' id='word_1_266' title='bbox 82 3441 195 3500; x_wconf 78' lang='lat' dir='ltr'><strong>lnoude</strong></span> <span class='ocrx_word' id='word_1_267' title='bbox 209 3441 333 3514; x_wconf 75' lang='lat' dir='ltr'><strong>assidat,</strong></span> <span class='ocrx_word' id='word_1_268' title='bbox 346 3459 514 3520; x_wconf 82' lang='lat' dir='ltr'><strong>semperque</strong></span> <span class='ocrx_word' id='word_1_269' title='bbox 527 3441 644 3500; x_wconf 74' lang='lat' dir='ltr'><strong>ardente</strong></span> <span class='ocrx_word' id='word_1_270' title='bbox 658 3441 781 3500; x_wconf 77' lang='lat' dir='ltr'><strong>camino.</strong></span> 
     </span>
    </p>

    <p class='ocr_par' dir='ltr' id='par_1_39' title="bbox 81 3517 735 3596">
     <span class='ocr_line' id='line_1_42' title="bbox 81 3517 735 3596; baseline -0.006 -17"><span class='ocrx_word' id='word_1_271' title='bbox 81 3521 121 3579; x_wconf 85' lang='lat' dir='ltr'><strong>Et</strong></span> <span class='ocrx_word' id='word_1_272' title='bbox 133 3530 214 3596; x_wconf 82' lang='lat' dir='ltr'><strong>peter</strong></span> <span class='ocrx_word' id='word_1_273' title='bbox 227 3517 296 3596; x_wconf 82' lang='lat' dir='ltr'><strong>ergd</strong></span> <span class='ocrx_word' id='word_1_274' title='bbox 310 3519 398 3594; x_wconf 78' lang='lat' dir='ltr'><strong>animi</strong></span> <span class='ocrx_word' id='word_1_275' title='bbox 407 3521 510 3578; x_wconf 78' lang='lat' dir='ltr'><strong>leliees</strong></span> <span class='ocrx_word' id='word_1_276' title='bbox 523 3519 615 3578; x_wconf 81' lang='lat' dir='ltr'><strong>eredit</strong></span> <span class='ocrx_word' id='word_1_277' title='bbox 627 3537 735 3590; x_wconf 75' lang='lat' dir='ltr'><strong>ermes,</strong></span> 
     </span>
    </p>

    <p class='ocr_par' dir='ltr' id='par_1_40' title="bbox 81 3592 1073 3672">
     <span class='ocr_line' id='line_1_43' title="bbox 81 3592 1073 3672; baseline -0.001 -16"><span class='ocrx_word' id='word_1_278' title='bbox 81 3599 145 3662; x_wconf 82' lang='lat' dir='ltr'><strong>Qui</strong></span> <span class='ocrx_word' id='word_1_279' title='bbox 159 3599 276 3656; x_wconf 80' lang='lat' dir='ltr'><strong>miretur</strong></span> <span class='ocrx_word' id='word_1_280' title='bbox 288 3613 367 3672; x_wconf 85' lang='lat' dir='ltr'><strong>opes,</strong></span> <span class='ocrx_word' id='word_1_281' title='bbox 380 3597 429 3670; x_wconf 89' lang='lat' dir='ltr'><strong>qui</strong></span> <span class='ocrx_word' id='word_1_282' title='bbox 442 3597 523 3656; x_wconf 83' lang='lat' dir='ltr'><strong>nulle</strong></span> <span class='ocrx_word' id='word_1_283' title='bbox 534 3595 665 3671; x_wconf 81' lang='lat' dir='ltr'><strong>exemplu</strong></span> <span class='ocrx_word' id='word_1_284' title='bbox 677 3592 754 3652; x_wconf 79' lang='lat' dir='ltr'><strong>beuti</strong></span> <span class='ocrx_word' id='word_1_285' title='bbox 1015 3593 1073 3656; x_wconf 64' lang='lat' dir='ltr'><strong>lut</strong></span> 
     </span>
    </p>

    <p class='ocr_par' dir='ltr' id='par_1_41' title="bbox 83 3671 835 3754">
     <span class='ocr_line' id='line_1_44' title="bbox 83 3671 835 3754; baseline -0.005 -18"><span class='ocrx_word' id='word_1_286' title='bbox 83 3677 222 3754; x_wconf 77' lang='lat' dir='ltr'><strong>Pauperis</strong></span> <span class='ocrx_word' id='word_1_287' title='bbox 234 3693 298 3735; x_wconf 81' lang='lat' dir='ltr'><strong>esse</strong></span> <span class='ocrx_word' id='word_1_288' title='bbox 311 3684 393 3751; x_wconf 80' lang='lat' dir='ltr'><strong>putat</strong></span> <span class='ocrx_word' id='word_1_289' title='bbox 428 3674 548 3750; x_wconf 84' lang='lat' dir='ltr'><strong>juvenes</strong></span> <span class='ocrx_word' id='word_1_290' title='bbox 561 3675 699 3746; x_wconf 83' lang='lat' dir='ltr'><strong>hortetur,</strong></span> <span class='ocrx_word' id='word_1_291' title='bbox 712 3682 744 3730; x_wconf 92' lang='lat' dir='ltr'><strong>ut</strong></span> <span class='ocrx_word' id='word_1_292' title='bbox 756 3671 835 3732; x_wconf 81' lang='lat' dir='ltr'><strong>illam</strong></span> 
     </span>
    </p>
   </div>
   <div class='ocr_carea' id='block_1_3' title="bbox 83 3751 838 3891">
    <p class='ocr_par' dir='ltr' id='par_1_42' title="bbox 83 3751 838 3891">
     <span class='ocr_line' id='line_1_45' title="bbox 83 3751 838 3891; baseline -0.004 -77"><span class='ocrx_word' id='word_1_293' title='bbox 83 3755 132 3814; x_wconf 88' lang='lat' dir='ltr'><strong>lre</strong></span> <span class='ocrx_word' id='word_1_294' title='bbox 145 3756 219 3814; x_wconf 80' lang='lat' dir='ltr'><strong>viam</strong></span> <span class='ocrx_word' id='word_1_295' title='bbox 232 3762 405 3891; x_wconf 44' lang='lat' dir='ltr'><strong>pmgmssqel</strong></span> <span class='ocrx_word' id='word_1_296' title='bbox 416 3752 511 3810; x_wconf 86' lang='lat' dir='ltr'><strong>eidem</strong></span> <span class='ocrx_word' id='word_1_297' title='bbox 525 3751 692 3810; x_wconf 78' lang='lat' dir='ltr'><strong>incumbere</strong></span> <span class='ocrx_word' id='word_1_298' title='bbox 706 3762 800 3812; x_wconf 72' lang='lat' dir='ltr'><strong>secte.</strong></span> <span class='ocrx_word' id='word_1_299' title='bbox 835 3781 838 3788; x_wconf 26' lang='grc' dir='ltr'><strong>Δ</strong></span> 
     </span>
    </p>
   </div>
   <div class='ocr_carea' id='block_1_4' title="bbox 0 0 1256 4274">
    <p class='ocr_par' dir='ltr' id='par_1_43' title="bbox 0 0 1256 4274">
     <span class='ocr_line' id='line_1_46' title="bbox 0 0 1256 4274; baseline 0 0"><span class='ocrx_word' id='word_1_300' title='bbox 0 0 1256 4274; x_wconf 95' lang='lat' dir='ltr'><strong> </strong></span> 
     </span>
    </p>
   </div>
  </div>
 </body>
</html>
