2494 4274
169 255 210 312 {6
481 247 514 297 D.
530 245 629 296 JUNll
645 243 842 295 JUVENALIS

170 391 322 469 Unguibus
336 391 376 449 ire
385 401 470 526 parat
482 408 613 448 nummos
627 399 741 465 raptura
754 387 890 446 Celaeno:

171 471 259 528 Tunc
273 470 371 528 licata
409 470 454 528 ico
464 487 597 526 numeres
611 486 719 544 genus3
741 466 853 541 altaque
867 466 890 524 si
904 475 933 524 te

171 549 298 607 Nomina
312 549 464 619 delectant,
475 565 589 606 omnem
605 546 742 603 Titanida
757 562 883 621 pugnam

171 628 250 686 Inter
264 628 384 704 majores
398 627 545 702 ipsumque
559 625 729 682 Promethea
741 641 848 699 ponas:

171 706 216 764 De
230 725 399 782 quocunque
414 704 489 763 voles
503 721 638 780 proavum
649 703 702 760 tibi
715 701 819 760 sumito
832 701 912 760 libro.

170 784 261 848 Quod
276 786 299 842 si
312 784 488 861 precipitem
502 783 574 858 rapit
588 781 705 840 ambitio
718 793 801 856 atque
815 780 914 853 libido,

172 863 204 920 Si
219 864 324 938 frangis
339 863 432 938 virgas
445 863 585 920 sociorum
599 861 630 918 in
644 859 794 935 sanguine,
809 859 832 917 si
846 869 874 918 te

172 940 324 998 Delectant
337 941 453 998 hebetes
466 940 540 996 lasso
553 938 652 996 lictore
665 957 796 1007 secures;

172 1018 278 1094 Incipit
292 1019 415 1094 ipsorum
430 1029 528 1077 contra
542 1029 570 1075 te
584 1028 658 1074 stare
672 1027 821 1092 parentum

172 1097 324 1168 Nobilitas,
338 1096 500 1172 claramque
514 1095 607 1153 sacam
620 1095 752 1171 preferre
765 1094 915 1172 pudendis.

172 1175 267 1232 Omne
281 1175 368 1233 animi
383 1175 481 1234 vitium
494 1184 574 1232 tanto
588 1174 768 1250 conspectius
783 1175 812 1231 in
826 1193 857 1232 sc

172 1254 290 1312 Crimen
305 1255 400 1326 habet,
414 1265 519 1328 quanto
532 1253 630 1329 major,
644 1254 692 1328 qui
705 1262 817 1328 peccat,
832 1253 960 1310 habetur.

171 1331 242 1395 Qud
257 1334 326 1390 mihi
341 1345 369 1391 te
383 1333 495 1391 solitum
511 1331 595 1389 salsas
608 1332 721 1407 signare
734 1331 855 1388 tabellas

172 1410 208 1469 In
223 1407 420 1488 templis,'quae
435 1412 503 1469 fecit
515 1429 594 1483 avus,
608 1421 786 1485 statuamque
798 1409 924 1485 parentis

173 1493 251 1548 Ante
266 1491 486 1568 triumphaleml
505 1488 573 1567 qud,
588 1491 611 1546 si
623 1500 780 1548 nocturnus
794 1489 904 1546 adulter

173 1567 317 1645 Tempora
331 1571 487 1629 Santonico
498 1570 573 1626 velas
584 1569 718 1643 adoperta
731 1566 864 1625 cucullol

172 1648 429 1723 Praetermajorum
443 1649 555 1704 cineres
569 1656 652 1721 atque
665 1665 729 1702 ossa
742 1644 850 1702 volucri

172 1725 316 1800 Carpento
330 1727 435 1801 rapitur
448 1725 562 1800 pinguis
575 1723 774 1799 Damasippus,
789 1734 817 1780 et
831 1724 900 1800 ipse,

172 1802 238 1878 lpse
251 1813 340 1862 rotam
355 1803 505 1879 adstringit
518 1803 608 1860 multo
622 1802 780 1860 sufflamine
794 1802 922 1861 Consul:

172 1881 265 1940 Nocte
279 1883 393 1958 quidem
405 1902 412 1952 ;
433 1883 483 1940 scd
498 1881 566 1940 luna
580 1882 664 1952 videt,
679 1882 730 1938 sed
744 1881 837 1939 sidera
850 1893 936 1940 testas

172 1961 329 2020 Intendunt
341 1955 479 2043 oculosi'
488 1959 616 2020 Finitum
630 1971 742 2035 tempus
756 1961 871 2018 honoris

170 2041 272 2102 Quum
287 2042 379 2114 fuerit,
394 2040 471 2099 clara
485 2039 674 2116 Damasippus
686 2039 752 2097 luce
767 2039 910 2115 flagellum

172 2120 283 2191 Sumet,
297 2129 326 2176 et
338 2139 489 2177 occursum
503 2137 648 2220 nunquam
661 2117 812 2194 trepidabit
826 2118 911 2216 aprici

171 2198 236 2253 Jam
251 2177 343 2269 senis)
353 2217 387 2255 ac
402 2198 480 2274 virgis
489 2181 570 2273 'prior
584 2208 701 2272 annuet,
712 2182 799 2272 'atque
814 2197 953 2275 maniplos

172 2276 278 2347 Solvet,
292 2288 321 2334 et
334 2277 467 2336 infundet
477 2277 614 2352 jumentis
628 2277 733 2334 hordea
745 2276 836 2335 lassis.

171 2353 295 2426 Interea,
309 2357 377 2414 dum
391 2355 500 2413 lanatas
513 2366 679 2431 torvumque
690 2355 844 2432 juvencum
1103 2355 1162 2414 155

171 2433 253 2492 More
267 2433 296 2490 N
300 2454 372 2493 umas
386 2435 472 2493 caedit
484 2434 563 2493 Jovis
577 2447 643 2493 ante
657 2434 765 2507 altaria,
776 2434 854 2510 jurat
1027 2477 1031 2495 .
1063 2457 1068 2480 ι

146 2484 158 2583 i
171 2513 268 2572 Solam
282 2513 413 2591 Eponam
426 2528 455 2573 et
469 2515 556 2573 facies
569 2515 646 2590 qlida
659 2515 694 2571 ad
708 2514 845 2590 presepia
859 2513 958 2590 pictas.
968 2500 1040 2575 srtci
1049 2517 1113 2565 aaut·

171 2593 230 2650 Se'd
245 2613 331 2669 quum
345 2593 495 2669 pervigiles
508 2594 602 2669 placet
612 2595 768 2651 instaurare
782 2591 920 2668 popinas3
1077 2603 1092 2624 ''

170 2672 280 2728 Obvius
294 2673 406 2729 assiduo
421 2672 609 2746 Syrophoenix
622 2672 696 2728 udus
707 2689 819 2728 amomo

170 2749 277 2818 Currit,
291 2748 426 2807 Idumaeae
442 2750 630 2824 Syrophoenix
644 2749 739 2808 incola
751 2762 848 2825 porte,
1102 2750 1161 2808 16⁰

170 2826 299 2902 Hospitis
313 2827 416 2886 affectu
430 2827 576 2885 dominum
593 2847 744 2904 regemque
758 2827 869 2899 salutat,
915 2828 919 2838 ’

170 2905 287 2963 Etcum
302 2907 393 2965 venali
407 2905 505 2981 Cyane
519 2908 671 2976 succincta
680 2907 791 2984 lagena.
812 2897 838 2952 ff*
855 2907 860 2922 '

210 2984 350 3044 Defensor
363 2986 454 3063 culpa
468 2986 545 3043 dicet
559 2987 638 3059 mihi,
654 2987 788 3044 Fecimus
801 2995 830 3042 et
843 3005 896 3044 nos

171 3063 244 3122 llaec
254 3065 381 3142 juvenes.
423 3065 501 3124 Esto.
542 3065 649 3124 Desisti
663 3084 775 3141 nempe,
790 3083 846 3122 nec
859 3062 934 3123 ultrl

170 3143 278 3203 Fovisti
293 3165 425 3204 errorem.
466 3144 556 3202 Breve
571 3145 616 3216 sit,
631 3146 706 3220 quod
720 3145 837 3220 turpiter
851 3145 948 3202 audes.
1102 3143 1159 3202 165

168 3223 312 3283 Quasdam
327 3243 392 3280 cum
407 3224 498 3298 primia
512 3236 675 3280 resecentur
689 3224 809 3279 crimina
823 3222 919 3277 barba

170 3298 292 3374 Indulge
306 3300 416 3356 veniam
431 3297 533 3371 pueris.
574 3298 764 3372 Damasippus
778 3299 814 3354 ad
826 3299 888 3354 illos

170 3375 361 3433 Thermarum
375 3374 481 3432 calices
495 3373 687 3448 inscriptaque
700 3375 788 3431 lintea
802 3375 889 3445 vadit,

170 3453 301 3513 Maturus
316 3453 398 3523 bello,
413 3450 559 3509 Armenia
573 3452 719 3526 Syriaeque
733 3452 847 3510 tuendis

159 3534 322 3606 ‘Amnibuq
337 3543 366 3590 et
379 3531 485 3589 Rheno
499 3541 581 3606 atque
596 3530 677 3588 Istro.
719 3530 857 3589 Prastare
871 3532 1018 3592 Neronem
1101 3536 1158 3595 17⁰

171 3613 310 3669 Securum
324 3613 398 3669 valet
412 3611 475 3668 hac
489 3621 565 3668 aetas.
607 3609 691 3668 Mitte
704 3611 797 3685 Ostia,
812 3611 919 3687 Caesar,

170 3688 254 3746 Mitte
265 3711 272 3760 ;
294 3691 344 3748 sed
358 3690 388 3748 in
400 3690 505 3763 magnai
518 3691 642 3766 legatum
656 3709 751 3766 quaere
764 3691 878 3767 popina.

170 3765 303 3828 Invenies
316 3768 411 3845 aliquo
423 3785 490 3825 cum
502 3787 668 3846 percussore
680 3771 833 3847 jacentem,
