<?xml version="1.0" encoding="UTF-8"?>
<!DOCTYPE html PUBLIC "-//W3C//DTD XHTML 1.0 Transitional//EN"
    "http://www.w3.org/TR/xhtml1/DTD/xhtml1-transitional.dtd">
<html xmlns="http://www.w3.org/1999/xhtml" xml:lang="en" lang="en">
 <head>
  <title>
</title>
<meta http-equiv="Content-Type" content="text/html;charset=utf-8" />
  <meta name='ocr-system' content='tesseract 3.04.00' />
  <meta name='ocr-capabilities' content='ocr_page ocr_carea ocr_par ocr_line ocrx_word'/>
</head>
<body>
  <div class='ocr_page' id='page_1' title='image "./decimijuniijuve02levegoog_0019.png"; bbox 0 0 2494 4274; ppageno 0'>
   <div class='ocr_carea' id='block_1_1' title="bbox 151 221 816 286">
    <p class='ocr_par' dir='ltr' id='par_1_1' title="bbox 151 221 816 286">
     <span class='ocr_line' id='line_1_1' title="bbox 151 221 816 286; baseline -0.006 -10"><span class='ocrx_word' id='word_1_1' title='bbox 151 229 189 286; x_wconf 80' lang='lat'>10</span> <span class='ocrx_word' id='word_1_2' title='bbox 459 224 491 274; x_wconf 93' lang='lat' dir='ltr'>D.</span> <span class='ocrx_word' id='word_1_3' title='bbox 509 224 605 274; x_wconf 88' lang='lat' dir='ltr'>JUNll</span> <span class='ocrx_word' id='word_1_4' title='bbox 622 221 816 274; x_wconf 83' lang='lat' dir='ltr'>JUVENALIS</span> 
     </span>
    </p>
   </div>
   <div class='ocr_carea' id='block_1_2' title="bbox 148 362 1136 942">
    <p class='ocr_par' dir='ltr' id='par_1_2' title="bbox 149 362 829 444">
     <span class='ocr_line' id='line_1_2' title="bbox 149 362 829 444; baseline -0.003 -20"><span class='ocrx_word' id='word_1_5' title='bbox 149 363 188 424; x_wconf 85' lang='lat' dir='ltr'>Et</span> <span class='ocrx_word' id='word_1_6' title='bbox 200 383 270 441; x_wconf 85' lang='lat' dir='ltr'>quos</span> <span class='ocrx_word' id='word_1_7' title='bbox 282 362 425 441; x_wconf 73' lang='lat' dir='ltr'>praecipue</span> <span class='ocrx_word' id='word_1_8' title='bbox 441 366 557 444; x_wconf 82' lang='lat' dir='ltr'>ingiam,</span> <span class='ocrx_word' id='word_1_9' title='bbox 571 367 725 443; x_wconf 76' lang='lat' dir='ltr'>properabo</span> <span class='ocrx_word' id='word_1_10' title='bbox 740 365 829 436; x_wconf 85' lang='lat' dir='ltr'>fateri,</span> 
     </span>
    </p>

    <p class='ocr_par' dir='ltr' id='par_1_3' title="bbox 149 442 1136 597">
     <span class='ocr_line' id='line_1_3' title="bbox 150 442 1136 519; baseline 0.002 -19"><span class='ocrx_word' id='word_1_11' title='bbox 150 442 215 500; x_wconf 92' lang='lat' dir='ltr'>Nec</span> <span class='ocrx_word' id='word_1_12' title='bbox 229 445 317 510; x_wconf 85' lang='lat' dir='ltr'>pudor</span> <span class='ocrx_word' id='word_1_13' title='bbox 330 444 459 502; x_wconf 86' lang='lat' dir='ltr'>obstabit.</span> <span class='ocrx_word' id='word_1_14' title='bbox 501 445 568 502; x_wconf 93' lang='lat' dir='ltr'>Non</span> <span class='ocrx_word' id='word_1_15' title='bbox 582 463 695 519; x_wconf 88' lang='lat' dir='ltr'>possum</span> <span class='ocrx_word' id='word_1_16' title='bbox 711 444 792 515; x_wconf 88' lang='lat' dir='ltr'>serre,</span> <span class='ocrx_word' id='word_1_17' title='bbox 806 443 945 515; x_wconf 75' lang='lat' dir='ltr'><strong>Quirites,</strong></span> <span class='ocrx_word' id='word_1_18' title='bbox 1092 444 1136 502; x_wconf 82' lang='lat'>60</span> 
     </span>
     <span class='ocr_line' id='line_1_4' title="bbox 149 521 971 597; baseline 0 -19"><span class='ocrx_word' id='word_1_19' title='bbox 149 521 279 578; x_wconf 82' lang='lat' dir='ltr'>Graecam</span> <span class='ocrx_word' id='word_1_20' title='bbox 292 521 406 579; x_wconf 90' lang='lat' dir='ltr'>urbem:</span> <span class='ocrx_word' id='word_1_21' title='bbox 418 523 547 597; x_wconf 85' lang='lat' dir='ltr'>quamvis</span> <span class='ocrx_word' id='word_1_22' title='bbox 555 532 640 596; x_wconf 86' lang='lat' dir='ltr'>quota</span> <span class='ocrx_word' id='word_1_23' title='bbox 653 523 743 597; x_wconf 88' lang='lat' dir='ltr'>portio</span> <span class='ocrx_word' id='word_1_24' title='bbox 758 521 834 579; x_wconf 76' lang='lat' dir='ltr'>saecis</span> <span class='ocrx_word' id='word_1_25' title='bbox 848 522 971 580; x_wconf 79' lang='lat' dir='ltr'>Achatil</span> 
     </span>
    </p>

    <p class='ocr_par' dir='ltr' id='par_1_4' title="bbox 148 597 904 674">
     <span class='ocr_line' id='line_1_5' title="bbox 148 597 904 674; baseline 0.003 -20"><span class='ocrx_word' id='word_1_26' title='bbox 148 597 167 654; x_wconf 87' lang='lat' dir='ltr'><strong>J</strong></span> <span class='ocrx_word' id='word_1_27' title='bbox 169 617 213 655; x_wconf 89' lang='lat' dir='ltr'>am</span> <span class='ocrx_word' id='word_1_28' title='bbox 228 599 337 674; x_wconf 84' lang='lat' dir='ltr'>pridem</span> <span class='ocrx_word' id='word_1_29' title='bbox 352 600 439 674; x_wconf 86' lang='lat' dir='ltr'>Syrus</span> <span class='ocrx_word' id='word_1_30' title='bbox 453 601 482 656; x_wconf 93' lang='lat' dir='ltr'>in</span> <span class='ocrx_word' id='word_1_31' title='bbox 497 600 626 656; x_wconf 76' lang='lat' dir='ltr'>Tiberim</span> <span class='ocrx_word' id='word_1_32' title='bbox 641 599 759 657; x_wconf 84' lang='lat' dir='ltr'>defluxit</span> <span class='ocrx_word' id='word_1_33' title='bbox 771 599 904 672; x_wconf 89' lang='lat' dir='ltr'>Orontes,</span> 
     </span>
    </p>

    <p class='ocr_par' dir='ltr' id='par_1_5' title="bbox 148 675 881 752">
     <span class='ocr_line' id='line_1_6' title="bbox 148 675 881 752; baseline 0 -18"><span class='ocrx_word' id='word_1_34' title='bbox 148 675 187 734; x_wconf 86' lang='lat' dir='ltr'>Et</span> <span class='ocrx_word' id='word_1_35' title='bbox 200 676 337 752; x_wconf 81' lang='lat' dir='ltr'>linguam,</span> <span class='ocrx_word' id='word_1_36' title='bbox 351 688 380 734; x_wconf 90' lang='lat' dir='ltr'>et</span> <span class='ocrx_word' id='word_1_37' title='bbox 390 697 492 750; x_wconf 90' lang='lat' dir='ltr'>mores,</span> <span class='ocrx_word' id='word_1_38' title='bbox 506 688 614 734; x_wconf 87' lang='lat' dir='ltr'>etcum</span> <span class='ocrx_word' id='word_1_39' title='bbox 628 678 745 734; x_wconf 82' lang='lat' dir='ltr'>tibicine</span> <span class='ocrx_word' id='word_1_40' title='bbox 761 678 881 735; x_wconf 76' lang='lat' dir='ltr'><strong>chordas</strong></span> 
     </span>
    </p>

    <p class='ocr_par' dir='ltr' id='par_1_6' title="bbox 148 754 820 831">
     <span class='ocr_line' id='line_1_7' title="bbox 148 754 820 831; baseline 0 -19"><span class='ocrx_word' id='word_1_41' title='bbox 148 754 296 829; x_wconf 86' lang='lat' dir='ltr'>Obliquas,</span> <span class='ocrx_word' id='word_1_42' title='bbox 310 773 431 812; x_wconf 90' lang='lat' dir='ltr'>necnon</span> <span class='ocrx_word' id='word_1_43' title='bbox 447 757 563 831; x_wconf 83' lang='lat' dir='ltr'>gentilia</span> <span class='ocrx_word' id='word_1_44' title='bbox 576 767 709 830; x_wconf 89' lang='lat' dir='ltr'>tympana</span> <span class='ocrx_word' id='word_1_45' title='bbox 723 773 820 812; x_wconf 86' lang='lat' dir='ltr'>secum</span> 
     </span>
    </p>

    <p class='ocr_par' dir='ltr' id='par_1_7' title="bbox 148 832 1133 942">
     <span class='ocr_line' id='line_1_8' title="bbox 148 832 1133 942; baseline 0.003 -53"><span class='ocrx_word' id='word_1_46' title='bbox 148 833 244 904; x_wconf 85' lang='lat' dir='ltr'>Vexit,</span> <span class='ocrx_word' id='word_1_47' title='bbox 258 842 287 889; x_wconf 89' lang='lat' dir='ltr'>et</span> <span class='ocrx_word' id='word_1_48' title='bbox 300 833 336 889; x_wconf 90' lang='lat' dir='ltr'>ad</span> <span class='ocrx_word' id='word_1_49' title='bbox 351 832 468 889; x_wconf 87' lang='lat' dir='ltr'>Circum</span> <span class='ocrx_word' id='word_1_50' title='bbox 480 834 572 909; x_wconf 88' lang='lat' dir='ltr'>jussas</span> <span class='ocrx_word' id='word_1_51' title='bbox 585 845 709 908; x_wconf 88' lang='lat' dir='ltr'>prostare</span> <span class='ocrx_word' id='word_1_52' title='bbox 723 832 840 908; x_wconf 86' lang='lat' dir='ltr'>puellae.</span> <span class='ocrx_word' id='word_1_53' title='bbox 909 832 929 922; x_wconf 66' lang='lat' dir='ltr'><em>J</em></span> <span class='ocrx_word' id='word_1_54' title='bbox 995 869 1003 892; x_wconf 57' lang='grc' dir='ltr'><em>ι</em></span> <span class='ocrx_word' id='word_1_55' title='bbox 1085 833 1133 942; x_wconf 60' lang='lat' dir='ltr'>pb</span> 
     </span>
    </p>
   </div>
   <div class='ocr_carea' id='block_1_3' title="bbox 148 908 1142 1044">
    <p class='ocr_par' dir='ltr' id='par_1_8' title="bbox 148 908 1142 1044">
     <span class='ocr_line' id='line_1_9' title="bbox 148 908 1142 1044; baseline 0.007 -78"><span class='ocrx_word' id='word_1_56' title='bbox 148 908 201 980; x_wconf 86' lang='lat' dir='ltr'>Ita,</span> <span class='ocrx_word' id='word_1_57' title='bbox 215 911 317 985; x_wconf 89' lang='lat' dir='ltr'>quibus</span> <span class='ocrx_word' id='word_1_58' title='bbox 330 921 409 985; x_wconf 85' lang='lat' dir='ltr'>grata</span> <span class='ocrx_word' id='word_1_59' title='bbox 422 921 465 966; x_wconf 90' lang='lat' dir='ltr'>est</span> <span class='ocrx_word' id='word_1_60' title='bbox 478 912 554 986; x_wconf 73' lang='lat' dir='ltr'>pica</span> <span class='ocrx_word' id='word_1_61' title='bbox 568 911 767 1044; x_wconf 46' lang='grc' dir='ltr'>ἰὼ</span> <span class='ocrx_word' id='word_1_62' title='bbox 779 911 873 968; x_wconf 80' lang='lat' dir='ltr'>mitrd.</span> <span class='ocrx_word' id='word_1_63' title='bbox 896 917 928 962; x_wconf 66' lang='lat' dir='ltr'>aa</span> <span class='ocrx_word' id='word_1_64' title='bbox 954 915 1022 962; x_wconf 48' lang='lat' dir='ltr'>*Ab</span> <span class='ocrx_word' id='word_1_65' title='bbox 1063 926 1076 943; x_wconf 84' lang='grc'>·’</span> <span class='ocrx_word' id='word_1_66' title='bbox 1087 947 1092 955; x_wconf 92' lang='grc'><strong>-</strong></span> <span class='ocrx_word' id='word_1_67' title='bbox 1104 940 1107 954; x_wconf 68' lang='lat'><strong>⁶</strong></span> <span class='ocrx_word' id='word_1_68' title='bbox 1120 925 1142 954; x_wconf 72' lang='lat'>²⁴</span> 
     </span>
    </p>
   </div>
   <div class='ocr_carea' id='block_1_4' title="bbox 79 987 1131 3796">
    <p class='ocr_par' dir='ltr' id='par_1_9' title="bbox 79 987 1131 3796">
     <span class='ocr_line' id='line_1_10' title="bbox 148 987 879 1064; baseline 0.003 -20"><span class='ocrx_word' id='word_1_69' title='bbox 148 987 344 1060; x_wconf 83' lang='lat' dir='ltr'>Rusticusille</span> <span class='ocrx_word' id='word_1_70' title='bbox 359 999 424 1045; x_wconf 86' lang='lat' dir='ltr'>tuns</span> <span class='ocrx_word' id='word_1_71' title='bbox 437 989 521 1045; x_wconf 92' lang='lat' dir='ltr'>sumit</span> <span class='ocrx_word' id='word_1_72' title='bbox 539 1000 598 1045; x_wconf 90' lang='lat' dir='ltr'>trec</span> <span class='ocrx_word' id='word_1_73' title='bbox 608 989 732 1064; x_wconf 83' lang='lat' dir='ltr'>redipna,</span> <span class='ocrx_word' id='word_1_74' title='bbox 745 988 879 1060; x_wconf 80' lang='lat' dir='ltr'>Quirine,</span> 
     </span>
     <span class='ocr_line' id='line_1_11' title="bbox 147 1063 760 1124; baseline 0.005 -2"><span class='ocrx_word' id='word_1_75' title='bbox 147 1063 186 1122; x_wconf 90' lang='lat' dir='ltr'>Et</span> <span class='ocrx_word' id='word_1_76' title='bbox 200 1066 370 1122; x_wconf 84' lang='lat' dir='ltr'>ceromatico</span> <span class='ocrx_word' id='word_1_77' title='bbox 385 1067 437 1124; x_wconf 88' lang='lat' dir='ltr'>fert</span> <span class='ocrx_word' id='word_1_78' title='bbox 452 1067 588 1124; x_wconf 89' lang='lat' dir='ltr'>niceteria</span> <span class='ocrx_word' id='word_1_79' title='bbox 601 1067 683 1124; x_wconf 86' lang='lat' dir='ltr'>collo.</span> <span class='ocrx_word' id='word_1_80' title='bbox 714 1073 717 1080; x_wconf 85' lang='lat'>&#39;</span> <span class='ocrx_word' id='word_1_81' title='bbox 757 1105 760 1112; x_wconf 92' lang='lat'><em>·</em></span> 
     </span>
     <span class='ocr_line' id='line_1_12' title="bbox 148 1143 832 1218; baseline 0.001 -19"><span class='ocrx_word' id='word_1_82' title='bbox 148 1143 206 1200; x_wconf 92' lang='lat' dir='ltr'>Hic</span> <span class='ocrx_word' id='word_1_83' title='bbox 220 1143 276 1200; x_wconf 77' lang='lat' dir='ltr'>alui</span> <span class='ocrx_word' id='word_1_84' title='bbox 291 1144 423 1217; x_wconf 86' lang='lat' dir='ltr'>Sicyone,</span> <span class='ocrx_word' id='word_1_85' title='bbox 439 1156 482 1202; x_wconf 87' lang='lat' dir='ltr'>ast</span> <span class='ocrx_word' id='word_1_86' title='bbox 496 1145 543 1201; x_wconf 91' lang='lat' dir='ltr'>hic</span> <span class='ocrx_word' id='word_1_87' title='bbox 557 1145 708 1218; x_wconf 88' lang='lat' dir='ltr'>Amydone</span> <span class='ocrx_word' id='word_1_88' title='bbox 723 1145 832 1216; x_wconf 80' lang='lat' dir='ltr'>relictd,</span> 
     </span>
     <span class='ocr_line' id='line_1_13' title="bbox 148 1221 1131 1314; baseline 0.003 -36"><span class='ocrx_word' id='word_1_89' title='bbox 148 1221 206 1278; x_wconf 89' lang='lat' dir='ltr'>Hic</span> <span class='ocrx_word' id='word_1_90' title='bbox 220 1221 330 1293; x_wconf 86' lang='lat' dir='ltr'>Andro,</span> <span class='ocrx_word' id='word_1_91' title='bbox 342 1223 387 1278; x_wconf 92' lang='lat' dir='ltr'>ille</span> <span class='ocrx_word' id='word_1_92' title='bbox 402 1224 497 1293; x_wconf 89' lang='lat' dir='ltr'>Samo,</span> <span class='ocrx_word' id='word_1_93' title='bbox 510 1223 556 1279; x_wconf 86' lang='lat' dir='ltr'>hic</span> <span class='ocrx_word' id='word_1_94' title='bbox 571 1222 725 1314; x_wconf 60' lang='lat' dir='ltr'>TraQbup,</span> <span class='ocrx_word' id='word_1_95' title='bbox 740 1235 788 1280; x_wconf 87' lang='lat' dir='ltr'>aut</span> <span class='ocrx_word' id='word_1_96' title='bbox 801 1222 971 1295; x_wconf 76' lang='lat' dir='ltr'>Alabandis,</span> <span class='ocrx_word' id='word_1_97' title='bbox 1090 1225 1131 1282; x_wconf 83' lang='lat'>70</span> 
     </span>
     <span class='ocr_line' id='line_1_14' title="bbox 147 1296 852 1376; baseline 0.004 -22"><span class='ocrx_word' id='word_1_98' title='bbox 147 1297 288 1373; x_wconf 81' lang='lat' dir='ltr'>Esquilias</span> <span class='ocrx_word' id='word_1_99' title='bbox 301 1300 464 1374; x_wconf 89' lang='lat' dir='ltr'>dictumque</span> <span class='ocrx_word' id='word_1_100' title='bbox 479 1311 578 1376; x_wconf 89' lang='lat' dir='ltr'>petunt</span> <span class='ocrx_word' id='word_1_101' title='bbox 591 1321 608 1358; x_wconf 88' lang='lat' dir='ltr'>a</span> <span class='ocrx_word' id='word_1_102' title='bbox 621 1296 726 1357; x_wconf 81' lang='lat' dir='ltr'>vimine</span> <span class='ocrx_word' id='word_1_103' title='bbox 740 1301 852 1372; x_wconf 90' lang='lat' dir='ltr'>collem,</span> 
     </span>
     <span class='ocr_line' id='line_1_15' title="bbox 147 1377 884 1454; baseline 0.005 -21"><span class='ocrx_word' id='word_1_104' title='bbox 147 1377 266 1435; x_wconf 83' lang='lat' dir='ltr'>Viscera</span> <span class='ocrx_word' id='word_1_105' title='bbox 281 1397 326 1434; x_wconf 90' lang='lat' dir='ltr'>ma</span> <span class='ocrx_word' id='word_1_106' title='bbox 368 1397 446 1444; x_wconf 83' lang='lat' dir='ltr'>arum</span> <span class='ocrx_word' id='word_1_107' title='bbox 461 1379 596 1436; x_wconf 89' lang='lat' dir='ltr'>domnum</span> <span class='ocrx_word' id='word_1_108' title='bbox 611 1379 774 1454; x_wconf 90' lang='lat' dir='ltr'>dominique</span> <span class='ocrx_word' id='word_1_109' title='bbox 789 1378 884 1437; x_wconf 79' lang='lat' dir='ltr'>saturi.</span> 
     </span>
     <span class='ocr_line' id='line_1_16' title="bbox 146 1449 774 1532; baseline 0.006 -21"><span class='ocrx_word' id='word_1_110' title='bbox 146 1454 299 1531; x_wconf 85' lang='lat' dir='ltr'>Ingenium</span> <span class='ocrx_word' id='word_1_111' title='bbox 313 1475 345 1512; x_wconf 91' lang='lat' dir='ltr'>ve</span> <span class='ocrx_word' id='word_1_112' title='bbox 356 1449 403 1528; x_wconf 70' lang='lat' dir='ltr'>ti,</span> <span class='ocrx_word' id='word_1_113' title='bbox 417 1457 536 1514; x_wconf 88' lang='lat' dir='ltr'>audacia</span> <span class='ocrx_word' id='word_1_114' title='bbox 549 1457 667 1532; x_wconf 89' lang='lat' dir='ltr'>perdita,</span> <span class='ocrx_word' id='word_1_115' title='bbox 681 1477 774 1515; x_wconf 86' lang='lat' dir='ltr'>sermo</span> 
     </span>
     <span class='ocr_line' id='line_1_17' title="bbox 147 1533 893 1610; baseline 0.001 -19"><span class='ocrx_word' id='word_1_116' title='bbox 147 1533 295 1610; x_wconf 88' lang='lat' dir='ltr'>Promptus</span> <span class='ocrx_word' id='word_1_117' title='bbox 319 1545 348 1591; x_wconf 88' lang='lat' dir='ltr'>et</span> <span class='ocrx_word' id='word_1_118' title='bbox 361 1533 433 1592; x_wconf 88' lang='lat' dir='ltr'>Isaeo</span> <span class='ocrx_word' id='word_1_119' title='bbox 448 1536 604 1592; x_wconf 86' lang='lat' dir='ltr'>torrentior.</span> <span class='ocrx_word' id='word_1_120' title='bbox 646 1535 718 1605; x_wconf 90' lang='lat' dir='ltr'>Ede,</span> <span class='ocrx_word' id='word_1_121' title='bbox 732 1537 799 1609; x_wconf 91' lang='lat' dir='ltr'>quid</span> <span class='ocrx_word' id='word_1_122' title='bbox 814 1535 893 1593; x_wconf 91' lang='lat' dir='ltr'>illum</span> 
     </span>
     <span class='ocr_line' id='line_1_18' title="bbox 146 1611 1128 1687; baseline 0.004 -19"><span class='ocrx_word' id='word_1_123' title='bbox 146 1611 218 1668; x_wconf 87' lang='lat' dir='ltr'>Esse</span> <span class='ocrx_word' id='word_1_124' title='bbox 231 1613 333 1687; x_wconf 81' lang='lat' dir='ltr'>puteal</span> <span class='ocrx_word' id='word_1_125' title='bbox 354 1613 479 1684; x_wconf 90' lang='lat' dir='ltr'>quemvis</span> <span class='ocrx_word' id='word_1_126' title='bbox 494 1613 637 1668; x_wconf 87' lang='lat' dir='ltr'>hominem</span> <span class='ocrx_word' id='word_1_127' title='bbox 652 1630 750 1668; x_wconf 90' lang='lat' dir='ltr'>secum</span> <span class='ocrx_word' id='word_1_128' title='bbox 765 1613 857 1668; x_wconf 91' lang='lat' dir='ltr'>attulit</span> <span class='ocrx_word' id='word_1_129' title='bbox 871 1612 906 1670; x_wconf 89' lang='lat' dir='ltr'>ad</span> <span class='ocrx_word' id='word_1_130' title='bbox 921 1631 992 1672; x_wconf 79' lang='lat' dir='ltr'>nos:</span> <span class='ocrx_word' id='word_1_131' title='bbox 1088 1615 1128 1672; x_wconf 82' lang='lat'>75</span> 
     </span>
     <span class='ocr_line' id='line_1_19' title="bbox 145 1682 903 1774; baseline 0.003 -29"><span class='ocrx_word' id='word_1_132' title='bbox 145 1682 487 1774; x_wconf 52' lang='lat' dir='ltr'>Grammqtiquqfflor,</span> <span class='ocrx_word' id='word_1_133' title='bbox 500 1701 667 1764; x_wconf 78' lang='lat' dir='ltr'>geometreS,</span> <span class='ocrx_word' id='word_1_134' title='bbox 681 1690 780 1765; x_wconf 84' lang='lat' dir='ltr'>pictor,</span> <span class='ocrx_word' id='word_1_135' title='bbox 795 1689 903 1764; x_wconf 86' lang='lat' dir='ltr'>aliptes,</span> 
     </span>
     <span class='ocr_line' id='line_1_20' title="bbox 147 1757 975 1843; baseline 0.004 -20"><span class='ocrx_word' id='word_1_136' title='bbox 147 1768 257 1842; x_wconf 85' lang='lat' dir='ltr'>Augur,</span> <span class='ocrx_word' id='word_1_137' title='bbox 272 1757 477 1837; x_wconf 69' lang='lat' dir='ltr'>schoenobates,</span> <span class='ocrx_word' id='word_1_138' title='bbox 492 1767 630 1838; x_wconf 87' lang='lat' dir='ltr'>medicus,</span> <span class='ocrx_word' id='word_1_139' title='bbox 645 1786 760 1843; x_wconf 87' lang='lat' dir='ltr'>magus:</span> <span class='ocrx_word' id='word_1_140' title='bbox 782 1769 878 1826; x_wconf 88' lang='lat' dir='ltr'>omnia</span> <span class='ocrx_word' id='word_1_141' title='bbox 890 1770 975 1836; x_wconf 85' lang='lat' dir='ltr'>novit.</span> 
     </span>
     <span class='ocr_line' id='line_1_21' title="bbox 145 1823 817 1921; baseline 0 -19"><span class='ocrx_word' id='word_1_142' title='bbox 145 1845 293 1902; x_wconf 85' lang='lat' dir='ltr'>Graeculus</span> <span class='ocrx_word' id='word_1_143' title='bbox 307 1823 435 1901; x_wconf 61' lang='lat' dir='ltr'>ebulliit</span> <span class='ocrx_word' id='word_1_144' title='bbox 449 1845 478 1902; x_wconf 92' lang='lat' dir='ltr'>iu</span> <span class='ocrx_word' id='word_1_145' title='bbox 492 1845 605 1917; x_wconf 88' lang='lat' dir='ltr'>coelum,</span> <span class='ocrx_word' id='word_1_146' title='bbox 618 1845 743 1921; x_wconf 85' lang='lat' dir='ltr'>jusseris,</span> <span class='ocrx_word' id='word_1_147' title='bbox 758 1846 817 1903; x_wconf 89' lang='lat' dir='ltr'>ibit.</span> 
     </span>
     <span class='ocr_line' id='line_1_22' title="bbox 145 1921 1097 1999; baseline 0.006 -21"><span class='ocrx_word' id='word_1_148' title='bbox 145 1924 193 1992; x_wconf 83' lang='lat' dir='ltr'>Ad</span> <span class='ocrx_word' id='word_1_149' title='bbox 207 1942 356 1994; x_wconf 89' lang='lat' dir='ltr'>summam,</span> <span class='ocrx_word' id='word_1_150' title='bbox 370 1943 427 1980; x_wconf 93' lang='lat' dir='ltr'>non</span> <span class='ocrx_word' id='word_1_151' title='bbox 443 1921 561 1980; x_wconf 89' lang='lat' dir='ltr'>Maurus</span> <span class='ocrx_word' id='word_1_152' title='bbox 575 1935 644 1995; x_wconf 89' lang='lat' dir='ltr'>erat,</span> <span class='ocrx_word' id='word_1_153' title='bbox 659 1942 750 1998; x_wconf 91' lang='lat' dir='ltr'>neque</span> <span class='ocrx_word' id='word_1_154' title='bbox 765 1927 904 1997; x_wconf 84' lang='lat' dir='ltr'>Sarmata,</span> <span class='ocrx_word' id='word_1_155' title='bbox 918 1943 973 1984; x_wconf 87' lang='lat' dir='ltr'>nec</span> <span class='ocrx_word' id='word_1_156' title='bbox 987 1925 1097 1999; x_wconf 82' lang='lat' dir='ltr'>Thrax,</span> 
     </span>
     <span class='ocr_line' id='line_1_23' title="bbox 79 2001 1128 2076; baseline 0.002 -14"><span class='ocrx_word' id='word_1_157' title='bbox 79 2008 82 2013; x_wconf 81' lang='grc'><strong>’</strong></span> <span class='ocrx_word' id='word_1_158' title='bbox 144 2001 205 2062; x_wconf 77' lang='lat' dir='ltr'>Qui</span> <span class='ocrx_word' id='word_1_159' title='bbox 220 2002 338 2076; x_wconf 87' lang='lat' dir='ltr'>sumpsit</span> <span class='ocrx_word' id='word_1_160' title='bbox 351 2021 468 2076; x_wconf 87' lang='lat' dir='ltr'>pennas,</span> <span class='ocrx_word' id='word_1_161' title='bbox 483 2003 589 2070; x_wconf 78' lang='lat' dir='ltr'>mediis</span> <span class='ocrx_word' id='word_1_162' title='bbox 598 2003 648 2061; x_wconf 89' lang='lat' dir='ltr'>sed</span> <span class='ocrx_word' id='word_1_163' title='bbox 663 2014 746 2060; x_wconf 87' lang='lat' dir='ltr'>natus</span> <span class='ocrx_word' id='word_1_164' title='bbox 760 2004 891 2061; x_wconf 88' lang='lat' dir='ltr'>Athenis.</span> <span class='ocrx_word' id='word_1_165' title='bbox 1087 2005 1128 2064; x_wconf 76' lang='grc'>80</span> 
     </span>
     <span class='ocr_line' id='line_1_24' title="bbox 144 2078 977 2156; baseline 0.006 -20"><span class='ocrx_word' id='word_1_166' title='bbox 144 2079 254 2137; x_wconf 88' lang='lat' dir='ltr'>Horum</span> <span class='ocrx_word' id='word_1_167' title='bbox 270 2099 323 2154; x_wconf 83' lang='lat' dir='ltr'>ego</span> <span class='ocrx_word' id='word_1_168' title='bbox 338 2099 395 2137; x_wconf 89' lang='lat' dir='ltr'>non</span> <span class='ocrx_word' id='word_1_169' title='bbox 410 2080 516 2155; x_wconf 83' lang='lat' dir='ltr'>fugiam</span> <span class='ocrx_word' id='word_1_170' title='bbox 530 2078 698 2156; x_wconf 86' lang='lat' dir='ltr'>cbnchylial</span> <span class='ocrx_word' id='word_1_171' title='bbox 719 2099 764 2138; x_wconf 93' lang='lat' dir='ltr'>me</span> <span class='ocrx_word' id='word_1_172' title='bbox 778 2081 854 2156; x_wconf 92' lang='lat' dir='ltr'>prior</span> <span class='ocrx_word' id='word_1_173' title='bbox 868 2082 916 2140; x_wconf 85' lang='lat' dir='ltr'>ille</span> <span class='ocrx_word' id='word_1_174' title='bbox 974 2107 977 2112; x_wconf 93' lang='lat'>·</span> 
     </span>
     <span class='ocr_line' id='line_1_25' title="bbox 144 2157 825 2233; baseline 0.001 -18"><span class='ocrx_word' id='word_1_175' title='bbox 144 2157 297 2232; x_wconf 84' lang='lat' dir='ltr'>Signabitl</span> <span class='ocrx_word' id='word_1_176' title='bbox 318 2159 458 2233; x_wconf 86' lang='lat' dir='ltr'>fultusque</span> <span class='ocrx_word' id='word_1_177' title='bbox 472 2169 535 2215; x_wconf 87' lang='lat' dir='ltr'>toro</span> <span class='ocrx_word' id='word_1_178' title='bbox 549 2158 664 2216; x_wconf 88' lang='lat' dir='ltr'>meliore</span> <span class='ocrx_word' id='word_1_179' title='bbox 679 2161 825 2216; x_wconf 88' lang='lat' dir='ltr'>recumbet</span> 
     </span>
     <span class='ocr_line' id='line_1_26' title="bbox 143 2233 909 2332; baseline 0.003 -39"><span class='ocrx_word' id='word_1_180' title='bbox 143 2237 294 2293; x_wconf 74' lang='lat' dir='ltr'>Adventus</span> <span class='ocrx_word' id='word_1_181' title='bbox 308 2233 443 2307; x_wconf 88' lang='lat' dir='ltr'>Romam,</span> <span class='ocrx_word' id='word_1_182' title='bbox 457 2255 513 2311; x_wconf 93' lang='lat' dir='ltr'>quo</span> <span class='ocrx_word' id='word_1_183' title='bbox 526 2256 617 2332; x_wconf 86' lang='lat' dir='ltr'>pruna</span> <span class='ocrx_word' id='word_1_184' title='bbox 637 2248 665 2294; x_wconf 88' lang='lat' dir='ltr'>et</span> <span class='ocrx_word' id='word_1_185' title='bbox 678 2249 792 2294; x_wconf 85' lang='lat' dir='ltr'>cottana</span> <span class='ocrx_word' id='word_1_186' title='bbox 805 2239 909 2295; x_wconf 85' lang='lat' dir='ltr'>ventol</span> 
     </span>
     <span class='ocr_line' id='line_1_27' title="bbox 142 2312 919 2390; baseline 0.004 -20"><span class='ocrx_word' id='word_1_187' title='bbox 142 2313 238 2390; x_wconf 83' lang='lat' dir='ltr'>Usque</span> <span class='ocrx_word' id='word_1_188' title='bbox 253 2312 324 2371; x_wconf 82' lang='lat' dir='ltr'>adeb</span> <span class='ocrx_word' id='word_1_189' title='bbox 338 2315 408 2372; x_wconf 92' lang='lat' dir='ltr'>nihil</span> <span class='ocrx_word' id='word_1_190' title='bbox 423 2326 474 2387; x_wconf 80' lang='lat' dir='ltr'>est,</span> <span class='ocrx_word' id='word_1_191' title='bbox 486 2317 562 2390; x_wconf 92' lang='lat' dir='ltr'>quod</span> <span class='ocrx_word' id='word_1_192' title='bbox 576 2328 671 2373; x_wconf 86' lang='lat' dir='ltr'>nostra</span> <span class='ocrx_word' id='word_1_193' title='bbox 685 2316 803 2374; x_wconf 88' lang='lat' dir='ltr'>infantia</span> <span class='ocrx_word' id='word_1_194' title='bbox 816 2315 919 2373; x_wconf 87' lang='lat' dir='ltr'>coelum</span> 
     </span>
     <span class='ocr_line' id='line_1_28' title="bbox 143 2391 799 2452; baseline 0.003 -2"><span class='ocrx_word' id='word_1_195' title='bbox 143 2391 248 2452; x_wconf 89' lang='lat' dir='ltr'>Hausit</span> <span class='ocrx_word' id='word_1_196' title='bbox 262 2394 435 2451; x_wconf 86' lang='lat' dir='ltr'>Aventinum</span> <span class='ocrx_word' id='word_1_197' title='bbox 451 2395 539 2450; x_wconf 72' lang='lat' dir='ltr'>bacca</span> <span class='ocrx_word' id='word_1_198' title='bbox 553 2396 658 2452; x_wconf 89' lang='lat' dir='ltr'>nutrita</span> <span class='ocrx_word' id='word_1_199' title='bbox 672 2395 799 2452; x_wconf 72' lang='lat' dir='ltr'>Sabina?</span> 
     </span>
     <span class='ocr_line' id='line_1_29' title="bbox 142 2470 904 2548; baseline -0.004 -15"><span class='ocrx_word' id='word_1_200' title='bbox 142 2472 234 2544; x_wconf 79' lang='lat' dir='ltr'>Quid,</span> <span class='ocrx_word' id='word_1_201' title='bbox 249 2470 325 2548; x_wconf 84' lang='lat' dir='ltr'>qubd</span> <span class='ocrx_word' id='word_1_202' title='bbox 340 2472 475 2530; x_wconf 90' lang='lat' dir='ltr'>adulandi</span> <span class='ocrx_word' id='word_1_203' title='bbox 489 2492 560 2548; x_wconf 87' lang='lat' dir='ltr'>gens</span> <span class='ocrx_word' id='word_1_204' title='bbox 573 2473 792 2548; x_wconf 88' lang='lat' dir='ltr'>prudentissima</span> <span class='ocrx_word' id='word_1_205' title='bbox 805 2473 904 2531; x_wconf 86' lang='lat' dir='ltr'>laudat</span> 
     </span>
     <span class='ocr_line' id='line_1_30' title="bbox 144 2551 816 2626; baseline 0.001 -19"><span class='ocrx_word' id='word_1_206' title='bbox 144 2551 443 2622; x_wconf 84' lang='lat' dir='ltr'>Sermonemindocti,</span> <span class='ocrx_word' id='word_1_207' title='bbox 459 2551 560 2608; x_wconf 83' lang='lat' dir='ltr'>faciem</span> <span class='ocrx_word' id='word_1_208' title='bbox 574 2552 707 2609; x_wconf 84' lang='lat' dir='ltr'>deformis</span> <span class='ocrx_word' id='word_1_209' title='bbox 721 2552 816 2626; x_wconf 88' lang='lat' dir='ltr'>amici,</span> 
     </span>
     <span class='ocr_line' id='line_1_31' title="bbox 143 2626 832 2704; baseline 0 -19"><span class='ocrx_word' id='word_1_210' title='bbox 143 2626 180 2685; x_wconf 87' lang='lat' dir='ltr'>Et</span> <span class='ocrx_word' id='word_1_211' title='bbox 193 2629 309 2704; x_wconf 84' lang='lat' dir='ltr'>longum</span> <span class='ocrx_word' id='word_1_212' title='bbox 320 2629 435 2686; x_wconf 88' lang='lat' dir='ltr'>invalidi</span> <span class='ocrx_word' id='word_1_213' title='bbox 449 2629 553 2686; x_wconf 92' lang='lat' dir='ltr'>collum</span> <span class='ocrx_word' id='word_1_214' title='bbox 568 2630 725 2685; x_wconf 88' lang='lat' dir='ltr'>cervicibus</span> <span class='ocrx_word' id='word_1_215' title='bbox 739 2639 832 2702; x_wconf 78' lang='lat' dir='ltr'>aequat</span> 
     </span>
     <span class='ocr_line' id='line_1_32' title="bbox 143 2705 890 2780; baseline -0.001 -16"><span class='ocrx_word' id='word_1_216' title='bbox 143 2705 287 2776; x_wconf 84' lang='lat' dir='ltr'>Herculis,</span> <span class='ocrx_word' id='word_1_217' title='bbox 302 2707 437 2762; x_wconf 86' lang='lat' dir='ltr'>Antaeum</span> <span class='ocrx_word' id='word_1_218' title='bbox 451 2707 549 2780; x_wconf 89' lang='lat' dir='ltr'>procul</span> <span class='ocrx_word' id='word_1_219' title='bbox 563 2725 580 2761; x_wconf 85' lang='lat' dir='ltr'>a</span> <span class='ocrx_word' id='word_1_220' title='bbox 594 2707 693 2762; x_wconf 91' lang='lat' dir='ltr'>tellure</span> <span class='ocrx_word' id='word_1_221' title='bbox 707 2706 890 2763; x_wconf 81' lang='lat' dir='ltr'>tenentisl-</span> 
     </span>
     <span class='ocr_line' id='line_1_33' title="bbox 143 2781 836 2842; baseline 0.003 -2"><span class='ocrx_word' id='word_1_222' title='bbox 143 2781 217 2840; x_wconf 84' lang='lat' dir='ltr'>Haec</span> <span class='ocrx_word' id='word_1_223' title='bbox 231 2785 330 2840; x_wconf 92' lang='lat' dir='ltr'>eadem</span> <span class='ocrx_word' id='word_1_224' title='bbox 345 2784 412 2842; x_wconf 89' lang='lat' dir='ltr'>licet</span> <span class='ocrx_word' id='word_1_225' title='bbox 426 2795 454 2840; x_wconf 88' lang='lat' dir='ltr'>et</span> <span class='ocrx_word' id='word_1_226' title='bbox 468 2784 549 2841; x_wconf 88' lang='lat' dir='ltr'>nobis</span> <span class='ocrx_word' id='word_1_227' title='bbox 563 2783 695 2840; x_wconf 88' lang='lat' dir='ltr'>laudare:</span> <span class='ocrx_word' id='word_1_228' title='bbox 716 2785 766 2840; x_wconf 86' lang='lat' dir='ltr'>sed</span> <span class='ocrx_word' id='word_1_229' title='bbox 781 2785 836 2842; x_wconf 85' lang='lat' dir='ltr'>illis</span> 
     </span>
     <span class='ocr_line' id='line_1_34' title="bbox 143 2862 663 2919; baseline 0.004 -1"><span class='ocrx_word' id='word_1_230' title='bbox 143 2862 404 2919; x_wconf 86' lang='lat' dir='ltr'>Creditur.—--</span> <span class='ocrx_word' id='word_1_231' title='bbox 662 2905 663 2909; x_wconf 18' lang='grc' dir='ltr'>η</span> 
     </span>
     <span class='ocr_line' id='line_1_35' title="bbox 142 2939 859 3013; baseline 0 -15"><span class='ocrx_word' id='word_1_232' title='bbox 142 2940 207 2998; x_wconf 90' lang='lat' dir='ltr'>Nec</span> <span class='ocrx_word' id='word_1_233' title='bbox 222 2951 316 2998; x_wconf 88' lang='lat' dir='ltr'>tamen</span> <span class='ocrx_word' id='word_1_234' title='bbox 330 2941 501 3013; x_wconf 88' lang='lat' dir='ltr'>Antiochus,</span> <span class='ocrx_word' id='word_1_235' title='bbox 515 2960 570 2999; x_wconf 91' lang='lat' dir='ltr'>nec</span> <span class='ocrx_word' id='word_1_236' title='bbox 584 2941 636 2998; x_wconf 90' lang='lat' dir='ltr'>erit</span> <span class='ocrx_word' id='word_1_237' title='bbox 650 2941 786 2998; x_wconf 88' lang='lat' dir='ltr'>mirabilis</span> <span class='ocrx_word' id='word_1_238' title='bbox 800 2939 859 2999; x_wconf 89' lang='lat' dir='ltr'>illic</span> 
     </span>
     <span class='ocr_line' id='line_1_36' title="bbox 143 3019 919 3091; baseline 0.006 -17"><span class='ocrx_word' id='word_1_239' title='bbox 143 3019 381 3091; x_wconf 87' lang='lat' dir='ltr'>Aut-Stratocles,</span> <span class='ocrx_word' id='word_1_240' title='bbox 396 3031 444 3077; x_wconf 86' lang='lat' dir='ltr'>aut</span> <span class='ocrx_word' id='word_1_241' title='bbox 457 3037 524 3076; x_wconf 90' lang='lat' dir='ltr'>cum</span> <span class='ocrx_word' id='word_1_242' title='bbox 538 3020 616 3078; x_wconf 93' lang='lat' dir='ltr'>molli</span> <span class='ocrx_word' id='word_1_243' title='bbox 631 3020 795 3078; x_wconf 83' lang='lat' dir='ltr'>Demetrius</span> <span class='ocrx_word' id='word_1_244' title='bbox 809 3020 919 3079; x_wconf 85' lang='lat' dir='ltr'>Haemo.</span> 
     </span>
     <span class='ocr_line' id='line_1_37' title="bbox 142 3096 888 3180; baseline 0.005 -26"><span class='ocrx_word' id='word_1_245' title='bbox 142 3096 172 3153; x_wconf 93' lang='lat' dir='ltr'><strong>N</strong></span> <span class='ocrx_word' id='word_1_246' title='bbox 175 3098 231 3156; x_wconf 86' lang='lat' dir='ltr'>atio</span> <span class='ocrx_word' id='word_1_247' title='bbox 245 3099 373 3180; x_wconf 68' lang='lat' dir='ltr'>comoeda</span> <span class='ocrx_word' id='word_1_248' title='bbox 386 3110 437 3156; x_wconf 84' lang='lat' dir='ltr'>est.</span> <span class='ocrx_word' id='word_1_249' title='bbox 479 3099 590 3158; x_wconf 86' lang='lat' dir='ltr'>Ridesl</span> <span class='ocrx_word' id='word_1_250' title='bbox 611 3100 728 3158; x_wconf 90' lang='lat' dir='ltr'>meliore</span> <span class='ocrx_word' id='word_1_251' title='bbox 743 3098 888 3158; x_wconf 89' lang='lat' dir='ltr'>cachinno</span> 
     </span>
     <span class='ocr_line' id='line_1_38' title="bbox 143 3177 953 3254; baseline 0.002 -22"><span class='ocrx_word' id='word_1_252' title='bbox 143 3177 329 3235; x_wconf 84' lang='lat' dir='ltr'>Concutitur:</span> <span class='ocrx_word' id='word_1_253' title='bbox 350 3177 408 3254; x_wconf 86' lang='lat' dir='ltr'>flet,</span> <span class='ocrx_word' id='word_1_254' title='bbox 424 3179 599 3252; x_wconf 87' lang='lat' dir='ltr'>silacrymas</span> <span class='ocrx_word' id='word_1_255' title='bbox 612 3178 758 3252; x_wconf 86' lang='lat' dir='ltr'>conspexit</span> <span class='ocrx_word' id='word_1_256' title='bbox 773 3178 868 3249; x_wconf 87' lang='lat' dir='ltr'>amici,</span> <span class='ocrx_word' id='word_1_257' title='bbox 895 3223 897 3230; x_wconf 33' lang='lat' dir='ltr'><em>s</em></span> <span class='ocrx_word' id='word_1_258' title='bbox 950 3243 953 3250; x_wconf 23' lang='grc' dir='ltr'><strong><em>Δ</em></strong></span> 
     </span>
     <span class='ocr_line' id='line_1_39' title="bbox 142 3253 1055 3328; baseline -0.001 -19"><span class='ocrx_word' id='word_1_259' title='bbox 142 3253 208 3311; x_wconf 91' lang='lat' dir='ltr'>Nec</span> <span class='ocrx_word' id='word_1_260' title='bbox 221 3254 316 3309; x_wconf 86' lang='lat' dir='ltr'>dolet:</span> <span class='ocrx_word' id='word_1_261' title='bbox 338 3255 495 3328; x_wconf 86' lang='lat' dir='ltr'>igniculum</span> <span class='ocrx_word' id='word_1_262' title='bbox 511 3256 617 3316; x_wconf 79' lang='lat' dir='ltr'>brumae</span> <span class='ocrx_word' id='word_1_263' title='bbox 632 3255 655 3308; x_wconf 91' lang='lat' dir='ltr'>si</span> <span class='ocrx_word' id='word_1_264' title='bbox 669 3264 795 3326; x_wconf 88' lang='lat' dir='ltr'>tempore</span> <span class='ocrx_word' id='word_1_265' title='bbox 810 3270 919 3326; x_wconf 81' lang='lat' dir='ltr'>posces,</span> <span class='ocrx_word' id='word_1_266' title='bbox 944 3299 947 3306; x_wconf 92' lang='lat'>.</span> <span class='ocrx_word' id='word_1_267' title='bbox 992 3269 993 3273; x_wconf 74' lang='grc'>’</span> <span class='ocrx_word' id='word_1_268' title='bbox 1050 3287 1055 3294; x_wconf 88' lang='grc'><strong>-</strong></span> 
     </span>
     <span class='ocr_line' id='line_1_40' title="bbox 143 3329 875 3405; baseline -0.004 -18"><span class='ocrx_word' id='word_1_269' title='bbox 143 3331 260 3405; x_wconf 86' lang='lat' dir='ltr'>Accipit</span> <span class='ocrx_word' id='word_1_270' title='bbox 272 3329 478 3386; x_wconf 88' lang='lat' dir='ltr'>endromiden:</span> <span class='ocrx_word' id='word_1_271' title='bbox 507 3330 531 3384; x_wconf 93' lang='lat' dir='ltr'>si</span> <span class='ocrx_word' id='word_1_272' title='bbox 546 3329 658 3398; x_wconf 86' lang='lat' dir='ltr'>dixeris,</span> <span class='ocrx_word' id='word_1_273' title='bbox 674 3341 771 3398; x_wconf 81' lang='lat' dir='ltr'>aestuo,</span> <span class='ocrx_word' id='word_1_274' title='bbox 785 3331 875 3385; x_wconf 83' lang='lat' dir='ltr'>sudat.</span> 
     </span>
     <span class='ocr_line' id='line_1_41' title="bbox 143 3403 968 3483; baseline -0.002 -18"><span class='ocrx_word' id='word_1_275' title='bbox 143 3407 210 3466; x_wconf 94' lang='lat' dir='ltr'>Non</span> <span class='ocrx_word' id='word_1_276' title='bbox 226 3426 323 3464; x_wconf 87' lang='lat' dir='ltr'>sumus</span> <span class='ocrx_word' id='word_1_277' title='bbox 337 3403 406 3482; x_wconf 83' lang='lat' dir='ltr'>ergb</span> <span class='ocrx_word' id='word_1_278' title='bbox 419 3423 517 3480; x_wconf 87' lang='lat' dir='ltr'>pares:</span> <span class='ocrx_word' id='word_1_279' title='bbox 539 3405 648 3483; x_wconf 87' lang='lat' dir='ltr'>melior,</span> <span class='ocrx_word' id='word_1_280' title='bbox 662 3407 709 3479; x_wconf 93' lang='lat' dir='ltr'>qui</span> <span class='ocrx_word' id='word_1_281' title='bbox 724 3425 834 3480; x_wconf 88' lang='lat' dir='ltr'>semper</span> <span class='ocrx_word' id='word_1_282' title='bbox 847 3417 877 3463; x_wconf 89' lang='lat' dir='ltr'>et</span> <span class='ocrx_word' id='word_1_283' title='bbox 889 3405 968 3464; x_wconf 91' lang='lat' dir='ltr'>omni</span> 
     </span>
     <span class='ocr_line' id='line_1_42' title="bbox 143 3483 891 3560; baseline -0.003 -18"><span class='ocrx_word' id='word_1_284' title='bbox 143 3486 237 3554; x_wconf 83' lang='lat' dir='ltr'>Nocte</span> <span class='ocrx_word' id='word_1_285' title='bbox 248 3487 349 3560; x_wconf 90' lang='lat' dir='ltr'>dieque</span> <span class='ocrx_word' id='word_1_286' title='bbox 362 3492 454 3560; x_wconf 86' lang='lat' dir='ltr'>potest</span> <span class='ocrx_word' id='word_1_287' title='bbox 468 3483 591 3540; x_wconf 89' lang='lat' dir='ltr'>alienum</span> <span class='ocrx_word' id='word_1_288' title='bbox 606 3502 716 3540; x_wconf 89' lang='lat' dir='ltr'>sumere</span> <span class='ocrx_word' id='word_1_289' title='bbox 730 3484 848 3557; x_wconf 85' lang='lat' dir='ltr'>vultum,</span> <span class='ocrx_word' id='word_1_290' title='bbox 887 3514 891 3539; x_wconf 71' lang='lat'><em>:</em></span> 
     </span>
     <span class='ocr_line' id='line_1_43' title="bbox 143 3562 812 3640; baseline -0.004 -20"><span class='ocrx_word' id='word_1_291' title='bbox 143 3565 172 3620; x_wconf 94' lang='lat' dir='ltr'>A</span> <span class='ocrx_word' id='word_1_292' title='bbox 187 3565 259 3622; x_wconf 81' lang='lat' dir='ltr'>secie</span> <span class='ocrx_word' id='word_1_293' title='bbox 272 3564 379 3640; x_wconf 86' lang='lat' dir='ltr'>jactare</span> <span class='ocrx_word' id='word_1_294' title='bbox 393 3565 504 3633; x_wconf 89' lang='lat' dir='ltr'>manus,</span> <span class='ocrx_word' id='word_1_295' title='bbox 518 3562 634 3620; x_wconf 88' lang='lat' dir='ltr'>laudare</span> <span class='ocrx_word' id='word_1_296' title='bbox 648 3573 812 3637; x_wconf 86' lang='lat' dir='ltr'>paratus.-</span> 
     </span>
     <span class='ocr_line' id='line_1_44' title="bbox 144 3640 867 3716; baseline 0.001 -17"><span class='ocrx_word' id='word_1_297' title='bbox 144 3642 225 3699; x_wconf 81' lang='lat' dir='ltr'>Scire</span> <span class='ocrx_word' id='word_1_298' title='bbox 239 3643 335 3700; x_wconf 88' lang='lat' dir='ltr'>volunt</span> <span class='ocrx_word' id='word_1_299' title='bbox 349 3652 459 3699; x_wconf 85' lang='lat' dir='ltr'>secreta</span> <span class='ocrx_word' id='word_1_300' title='bbox 472 3641 571 3700; x_wconf 77' lang='lat' dir='ltr'>domita</span> <span class='ocrx_word' id='word_1_301' title='bbox 586 3652 669 3716; x_wconf 81' lang='lat' dir='ltr'>atque</span> <span class='ocrx_word' id='word_1_302' title='bbox 685 3640 751 3698; x_wconf 89' lang='lat' dir='ltr'>inde</span> <span class='ocrx_word' id='word_1_303' title='bbox 766 3640 867 3700; x_wconf 87' lang='lat' dir='ltr'>timeri.</span> 
     </span>
     <span class='ocr_line' id='line_1_45' title="bbox 183 3717 876 3796; baseline 0.003 -19"><span class='ocrx_word' id='word_1_304' title='bbox 183 3717 221 3777; x_wconf 85' lang='lat' dir='ltr'>Et</span> <span class='ocrx_word' id='word_1_305' title='bbox 234 3719 367 3796; x_wconf 87' lang='lat' dir='ltr'>quoniam</span> <span class='ocrx_word' id='word_1_306' title='bbox 381 3719 467 3796; x_wconf 84' lang='lat' dir='ltr'>coepit</span> <span class='ocrx_word' id='word_1_307' title='bbox 480 3720 644 3778; x_wconf 79' lang='lat' dir='ltr'>Graecorum</span> <span class='ocrx_word' id='word_1_308' title='bbox 658 3720 774 3792; x_wconf 89' lang='lat' dir='ltr'>mentio,</span> <span class='ocrx_word' id='word_1_309' title='bbox 788 3721 876 3779; x_wconf 87' lang='lat' dir='ltr'>transi</span> 
     </span>
    </p>
   </div>
   <div class='ocr_carea' id='block_1_5' title="bbox 1156 939 1176 950">
    <p class='ocr_par' dir='ltr' id='par_1_10' title="bbox 1156 939 1176 950">
     <span class='ocr_line' id='line_1_46' title="bbox 1156 939 1176 950; baseline 0 0"><span class='ocrx_word' id='word_1_310' title='bbox 1156 939 1176 950; x_wconf 68' lang='lat' dir='ltr'>&#39;a</span> 
     </span>
    </p>
   </div>
   <div class='ocr_carea' id='block_1_6' title="bbox 0 0 1252 4274">
    <p class='ocr_par' dir='ltr' id='par_1_11' title="bbox 0 0 1252 4274">
     <span class='ocr_line' id='line_1_47' title="bbox 0 0 1252 4274; baseline 0 1"><span class='ocrx_word' id='word_1_311' title='bbox 0 0 1252 4274; x_wconf 95' lang='lat' dir='ltr'> </span> 
     </span>
    </p>
   </div>
  </div>
 </body>
</html>
