2502 4284
505 241 629 290 SATIRA
646 242 667 290 Ι.

76 380 209 460 Pinguis
221 381 402 458 aqualiculus
415 399 554 458 propenso
568 382 736 459 sesquipede
749 395 849 444 exstat.

76 461 212 533 Olane,
234 473 345 536 atergo
357 479 441 534 quem
455 459 533 520 nulla
546 461 660 519 ciconia
669 461 767 537 pinsit,

77 538 149 597 Nec
164 557 269 596 marrus
284 538 426 596 auriculas
440 538 550 596 imitata
562 551 606 597 est
620 541 732 597 mobilia
744 541 825 614 altas,

79 617 149 679 Nec
163 618 285 692 lingue,
296 614 435 691 quantiam
446 616 523 675 sitiat
536 617 616 674 canis
630 617 753 692 Appula,
768 617 900 678 mmuml

79 697 155 767 Vos,
170 695 201 752 Ο
213 695 350 771 patricius
363 696 490 770 sanguis,
503 713 574 769 quos
587 695 680 752 vivere
695 695 736 754 fas
748 707 792 758 est

79 773 216 850 Occipiti
231 791 317 843 carco,
331 773 447 848 postiae
460 772 603 830 occurrite
617 791 726 830 sanam.

122 851 206 914 Quis
218 851 316 927 populi
329 868 421 909 sermo
431 853 493 908 estl
513 852 577 926 quis
590 851 687 909 eniml
707 851 765 912 nisi
777 853 906 913 aornim
920 854 1000 915 nolli

82 929 180 986 Nunc
193 930 309 987 demum
323 947 442 986 numero
455 929 553 1000 fluere,
568 940 600 986 ut
613 949 663 1004 per
676 930 740 988 lere
752 949 866 990 aeratos
1078 1001 1082 1010 ,

82 1007 229 1066 Effirndar
239 1007 374 1083 junctura
387 1025 499 1082 ungues
512 1025 518 1064 :
540 1007 594 1066 scit
607 1009 724 1066 tendere
738 1026 850 1068 versum
1033 1011 1074 1068 65

82 1085 156 1143 Non
172 1103 265 1156 secas,
279 1103 313 1143 ac
326 1086 351 1142 si
364 1086 448 1143 oculo
461 1085 605 1143 rubricam
618 1085 720 1162 dirigat
734 1104 800 1146 urso.

83 1165 156 1221 Sive
170 1183 242 1240 opus
252 1163 283 1222 in
297 1181 399 1235 mores,
414 1164 444 1221 in
457 1164 568 1235 luxum,
583 1164 612 1222 in
625 1164 747 1239 prandia
760 1185 873 1242 regum,

86 1242 205 1314 Dicere,
216 1259 262 1298 res
274 1241 397 1318 grandes
410 1253 506 1300 nostro
516 1243 565 1298 dat
578 1241 665 1300 Musa
676 1246 778 1317 po'e'tae.

126 1320 209 1377 Ecce
223 1317 308 1378 modo
322 1321 423 1379 heroas
436 1338 537 1378 sensus
552 1320 651 1378 afferre
670 1321 798 1378 videmus

83 1397 116 1458 N
117 1399 200 1474 ugari
215 1397 309 1456 solitos
322 1394 435 1470 Graes,
450 1416 505 1455 aec
518 1416 623 1472 ponere
636 1397 735 1456 lucum
1033 1403 1074 1461 70

84 1477 233 1549 Artifices,
247 1493 363 1534 necrus
376 1486 505 1533 saturum
517 1475 646 1546 laudare,
659 1475 708 1532 ubi
726 1475 837 1548 corbes,

83 1555 125 1613 Et
140 1555 231 1626 focus,
245 1565 273 1612 et
285 1553 374 1630 porci,
388 1565 418 1613 et
432 1553 543 1612 fumosa
556 1552 658 1612 Palilia
671 1550 764 1612 imno:

84 1634 174 1692 Unde
188 1633 309 1704 Remus,
324 1633 459 1707 sulcoque
473 1641 568 1692 terens
581 1631 715 1703 dentalia,
729 1630 845 1706 stabo,

84 1711 191 1774 Quum
205 1711 314 1786 trepida
328 1721 395 1772 ante
409 1711 493 1768 bovas
506 1711 674 1771 dictatorem
687 1709 781 1772 induit
794 1729 874 1786 uxor,

85 1789 126 1852 Et
138 1800 189 1851 tua
206 1799 297 1846 aratra
307 1790 423 1848 domum
437 1786 519 1849 lictor
532 1788 614 1848 tulit:
635 1807 708 1863 euge
721 1791 823 1864 poiital
1032 1793 1072 1851 75

126 1867 181 1924 Est
194 1885 282 1938 nunc,
296 1866 403 1927 liriseis
416 1885 501 1940 quem
516 1885 635 1925 venosus
648 1867 719 1926 liber
730 1867 818 1940 Acci,

86 1946 174 2017 Sunt,
187 1963 258 2020 quos
271 1944 469 2018 Pacuviusque
482 1955 511 2001 et
525 1961 676 2004 verrucosa
692 1955 818 2004 moretm

86 2024 226 2099 Antiopa,
241 2023 371 2079 arumnis
382 2041 430 2080 cor
444 2020 623 2098 lacoficabile
629 2019 725 2096 fulto.

87 2101 152 2160 Hos
165 2101 261 2178 pueris
274 2100 398 2164 monitus
410 2110 503 2176 patres
516 2098 667 2159 iufrmdcrc
679 2099 770 2178 lippos

86 2179 191 2242 Quum
204 2179 310 2251 videas,
324 2179 476 2254 queriarm,
491 2179 569 2238 uada
583 2179 646 2238 heo
654 2188 766 2254 sartago
779 2177 914 2254 loquendi
1030 2181 1075 2241 ὣ

87 2257 209 2315 Venerit
222 2257 252 2315 in
265 2257 400 2333 linguasl
420 2257 501 2316 unde·
511 2256 589 2316 istud
602 2257 738 2328 dedecus,
752 2257 783 2316 ia
796 2275 853 2332 quo

88 2334 244 2393 Trossulus
257 2335 378 2394 exsultat
390 2335 442 2394 tibi
455 2355 505 2410 per
518 2335 651 2394 subsellia
666 2334 755 2392 levis!

88 2412 177 2472 Nilne
189 2413 286 2489 pudet,
301 2413 387 2488 capiti
400 2431 458 2472 non
471 2431 553 2488 prosae
566 2411 693 2487 pericula
704 2429 780 2474 eaao

88 2491 207 2565 Pellare,
221 2492 290 2566 quin
304 2491 431 2567 tepidum
444 2492 499 2548 hoc
512 2500 592 2565 optes
605 2489 714 2560 audire,
728 2490 912 2548 oeaamal

127 2567 188 2630 Fur
201 2587 242 2642 es,
257 2570 296 2627 ait
308 2568 405 2628 Pedio.
447 2568 553 2628 Pedius
566 2567 654 2643 quidl
674 2565 795 2626 crimina
807 2565 879 2626 rasis
1029 2569 1070 2628 85

88 2646 186 2706 Librat
199 2647 230 2704 ia
243 2647 405 2710 antithetis:
426 2647 524 2706 doctas
536 2647 663 2722 posuisse
676 2645 785 2722 figuras

88 2725 250 2784 Laudatur:
272 2725 377 2783 ballum
390 2725 464 2787 hoc:
486 2727 541 2786 hoc
554 2723 679 2785 belluml
700 2743 748 2798 an,
761 2724 898 2800 Romule,
908 2725 1013 2786 aerest

88 2803 167 2860 Men’
182 2803 313 2863 moveatl
332 2802 436 2880 quippe
449 2815 488 2876 et,
501 2815 598 2864 cantet
610 2803 635 2862 si
648 2803 813 2880 naufragus,
828 2823 921 2863 assem

88 2881 275 2940 Protuleriml
296 2894 403 2954 cantas,
416 2899 505 2958 quum
519 2883 608 2942 l‘ractis
621 2893 649 2942 te
663 2883 692 2940 in
707 2883 789 2942 trabe
800 2883 911 2959 pictum

89 2959 134 3016 Ex
146 2960 264 3017 humero
275 2971 378 3051 portes.
419 2961 538 3032 Verum,
553 2979 609 3018 nec
623 2971 707 3016 nocte
721 2971 851 3033 paratum
1027 2961 1068 3019 00

88 3036 222 3110 Plorabit,
235 3055 283 3113 qur
298 3057 343 3096 me
356 3038 430 3097 volet
443 3039 607 3095 incurvasse
620 3035 743 3109 querela

129 3115 186 3172 Sed
199 3115 325 3173 numeris
338 3117 424 3173 decor
438 3125 481 3172 est
494 3124 524 3170 et
534 3113 669 3189 junctura
682 3110 778 3168 addita
792 3111 896 3168 crudia

88 3191 228 3250 claudere
241 3193 284 3251 sic
296 3212 409 3252 versum
431 3190 539 3264 didicit,
552 3187 759 3265 Berecynthio
772 3187 880 3246 Attin:

88 3269 135 3342 Et,
152 3269 213 3338 Qut
226 3272 371 3330 conclausa
384 3269 535 3329 dirimebat
547 3268 644 3328 Nereo
656 3267 786 3346 delirium

89 3347 148 3421 Sic,
172 3348 285 3406 eostam
297 3349 380 3426 longo
393 3348 572 3412 mmmmm
586 3347 745 3426 Apennino.
1027 3345 1068 3407 ⁰5

88 3425 179 3484 Amm
190 3427 291 3500 cinam,
304 3447 401 3487 nonne
414 3428 469 3486 hoc
483 3445 647 3504 spumosum
660 3438 690 3486 et
702 3427 808 3486 cortice
820 3424 942 3504 pingui'l

88 3503 126 3562 Ut
138 3505 241 3562 ramale
254 3517 336 3562 retus
348 3506 622 3581 pregrandisubere
635 3515 758 3562 coctum.

88 3581 233 3642 Quidnam
247 3581 334 3657 igitur
346 3591 486 3654 tenerum,
499 3594 528 3640 et
540 3582 606 3639 laxa
619 3580 730 3636 cervice
743 3579 917 3655 legendumt

94 3658 188 3718 'Poma
201 3657 392 3718 Mimalloneis
404 3659 556 3734 iomldrmst
568 3674 676 3714 cornua
687 3655 807 3718 bombis.-

90 3737 133 3795 Er
143 3746 257 3814 raptam
270 3735 359 3794 vitulo
373 3745 461 3813 caput
473 3735 607 3792 azoara
619 3733 736 3811 saperda
1010 3737 1068 3799 100

90 3815 237 3890 Bassaris,
250 3823 278 3873 st
291 3814 419 3892 ΕΜ
429 3812 540 3874 diosas
546 3811 662 3892 flecma
673 3812 810 3890 corymbis
