2494 4274
333 624 388 700 l).
428 620 606 701 JUNll
644 621 1005 699 JUVENALlS

585 881 750 989 Aglllldd'l'l!

480 1073 854 1172 santernum

508 1361 612 1410 LIBER
629 1360 822 1410 SECUNDUS.

548 1793 706 1853 SATIRA
731 1793 783 1852 VI.

211 1951 319 2012 Cauno
333 1951 500 2028 pudicitiam
516 1953 638 2010 Saturno
652 1971 719 2030 rege
733 1963 870 2010 moratum

172 2029 207 2090 ln
221 2031 313 2104 terris,
328 2031 472 2107 visamque
485 2030 547 2105 diri,
560 2050 648 2107 quum
664 2031 766 2108 frigida
785 2051 883 2108 parvas

171 2109 317 2168 l‘raeberet
331 2110 467 2185 spelunca
481 2111 590 2182 domos,
606 2111 768 2186 ignemque,
782 2111 937 2184 laremque,

171 2187 209 2246 Et
222 2207 320 2264 pecus,
335 2200 364 2244 et
376 2188 508 2247 dominos
522 2190 667 2246 communi
682 2189 829 2246 clauderet
843 2189 960 2258 umbrd;

172 2267 335 2324 silvestrem
349 2279 484 2324 montana
498 2280 592 2324 torum
606 2287 693 2342 quum
708 2278 845 2324 sterneret
857 2286 927 2325 uror

171 2345 333 2403 Frondibus
347 2357 375 2402 et
390 2345 495 2417 culmo,
511 2345 723 2422 vicinarumque
740 2347 863 2403 serarum

170 2424 314 2494 Pellibus;
336 2425 412 2482 haud
427 2424 528 2482 similis
542 2425 603 2498 tibi,
618 2426 753 2500 Cynthia,
768 2445 823 2482 nec
837 2425 899 2498 tibi,
913 2424 995 2502 cujus

170 2503 312 2568 Turbavit
325 2503 430 2562 nitidos
443 2505 600 2563 exstinctus
614 2525 709 2581 passer
723 2505 844 2574 ocellos;

171 2585 228 2642 Sed
243 2583 365 2661 potanda
380 2583 473 2642 serens
489 2585 644 2640 infantibus
658 2585 745 2640 ubera
759 2584 880 2657 magnis,

170 2663 208 2720 Et
222 2659 297 2736 saepe
313 2661 451 2718 horridior
465 2662 600 2736 glandem
615 2673 745 2717 ructante
760 2662 869 2718 marito.

169 2739 287 2816 Quippe
302 2739 384 2795 aliter
397 2750 467 2795 tunc
477 2740 545 2796 orbe
560 2758 632 2795 novo
646 2738 774 2812 coeloque
790 2738 898 2796 recenti

170 2818 313 2875 Vivebant
328 2817 467 2888 homines,
482 2817 529 2890 qui
544 2827 625 2891 rupto
639 2818 739 2874 robore
754 2817 823 2888 nati,

170 2894 362 2971 Compositive
376 2895 444 2967 luto,
459 2895 552 2952 nullos
566 2893 692 2951 habuere
706 2907 847 2971 parentes.

170 2973 263 3032 Multa
275 2973 421 3050 pudicitiae
435 2973 537 3032 veteris
550 2973 669 3048 vestigia
684 2975 786 3047 forsan,

170 3055 232 3111 Aut
245 3053 339 3130 aliqua
352 3054 520 3126 exstiterint,
534 3064 563 3110 et
576 3053 629 3110 sub
643 3052 661 3110 J
663 3073 730 3125 ove;
753 3055 803 3112 sed
817 3053 887 3113 Jove
901 3057 1029 3114 nondum
1125 3055 1166 3114 15

170 3132 303 3204 Barbato,
318 3135 445 3191 nondum
459 3133 570 3191 Graecis
581 3133 677 3208 jurare
690 3135 796 3210 paratis

168 3211 225 3269 Per
239 3223 325 3288 caput
339 3212 463 3282 alterius,
477 3230 565 3287 quum
580 3212 670 3270 furem
684 3233 769 3272 nemo
783 3215 895 3272 timeret

170 3289 320 3360 Caulibus,
334 3301 384 3346 aut
396 3290 497 3364 pomis,
511 3300 541 3346 et
555 3303 651 3364 aperto
665 3293 771 3350 viveret
785 3293 874 3349 horto.

170 3366 313 3424 Paulatim
327 3367 432 3424 deinde
446 3367 482 3423 ad
497 3385 614 3444 superos
629 3372 741 3427 Astraea
754 3368 871 3426 recessit

171 3445 238 3524 Hgio
245 3445 365 3522 comite,
380 3455 463 3520 atquc
477 3446 541 3501 duae
555 3449 658 3523 pariter
673 3447 772 3522 sugdre
786 3464 903 3503 sorores.
1121 3449 1165 3508 20

171 3526 330 3599 Antiquunr
344 3534 373 3580 et
387 3537 466 3581 vetus
479 3537 531 3595 est,
547 3527 681 3595 alienum,
696 3523 841 3594 Postume,
855 3521 960 3580 lectum

171 3602 344 3673 concutere,
359 3614 441 3678 atque
455 3605 528 3662 sacri
542 3603 658 3679 genium
672 3613 856 3659 contemnere
871 3603 961 3661 fulcri.

171 3679 266 3737 Omne
280 3681 357 3737 aliud
371 3683 479 3737 crimen
494 3700 560 3738 mox
575 3682 663 3738 serrea
678 3680 792 3756 protulit
806 3694 891 3739 aetas:

175 3755 314 3818 Viderunt
326 3758 431 3835 primos
444 3770 579 3834 argentea
592 3760 697 3818 saecula
711 3761 844 3818 nroechos.
