2494 4274
145 243 166 304 8
457 240 489 290 D.
506 239 603 291 JUNll
620 237 824 290 Juvurtnuls.

136 384 206 442 ‘Sed
227 381 338 454 melius,
352 378 428 457 qudd
442 383 482 440 nil
497 381 599 440 animis
613 383 642 442 in
656 403 775 461 corpora
785 381 857 458 juri·

146 461 257 520 Natura
271 460 407 537 indulget.
449 461 565 518 Steriles
579 464 745 534 moriuntur,
759 459 856 520 stillis

138 539 277 616 Turgida
291 559 349 598 non
363 540 476 615 prodest
490 539 606 598 conditi
619 542 723 617 pyxide
737 539 827 616 Lyde}

146 617 211 676 Nec
225 619 340 694 prodest
354 618 420 693 agili
434 619 543 694 palmas
556 621 682 694 prebere
694 620 834 696 Luperco.

185 697 263 754 Vicit
276 707 306 754 et
317 699 373 754 hoc
387 708 543 754 monstrum
558 698 678 756 tunicati
692 697 803 755 fuscina
817 694 953 766 Gracchi,

146 774 341 850 Lustravitque
356 775 424 850 suga
437 776 560 832 mediam
574 776 711 851 gladiator
726 793 851 847 arenam,

146 853 184 910 Et
198 853 365 928 Capitolinis
378 854 551 928 generosior,
565 865 594 910 et
608 853 762 925 Marcellis,

146 931 184 990 Et
198 931 317 1003 Catulis,
332 931 469 1006 Paulique
489 931 656 1004 minoribus,
670 944 700 990 et
714 931 821 1003 Fabiis,
834 942 864 988 et

145 1009 289 1068 Omnibus
303 1011 338 1068 ad
353 1009 469 1086 podium
483 1011 684 1084 spectantibus.
727 1011 783 1068 His
796 1010 864 1068 licet
878 1010 970 1086 ipsum

146 1089 318 1160 Admoveas,
334 1088 415 1164 cujus
430 1100 499 1144 tunc
513 1107 630 1146 munere
644 1091 716 1147 retia
729 1089 814 1147 misit.

185 1165 256 1225 Esse
271 1167 376 1243 aliquid
390 1165 502 1238 Manes,
517 1177 546 1223 et
559 1167 742 1226 subterranea
755 1187 853 1245 regna,

146 1245 184 1303 Et
197 1257 323 1317 contum,
338 1257 367 1303 et
382 1245 480 1321 Stygio
493 1264 576 1302 ranas
590 1247 619 1302 in
634 1247 746 1322 gurgite
760 1248 865 1322 nigras,

146 1325 241 1400 Atque
256 1327 314 1382 uni
327 1325 446 1382 transire
461 1325 562 1380 vadum
576 1335 617 1382 tot
631 1326 718 1383 millia
732 1325 844 1400 cymbd,

145 1401 210 1460 Nec
224 1404 303 1479 pueri
317 1405 448 1474 credunt,
462 1402 516 1458 nisi
531 1404 578 1477 qui
592 1404 719 1460 nondum
733 1423 788 1462 aere
806 1404 942 1462 lavantur.

146 1481 204 1539 Sed
219 1493 249 1539 tu
264 1501 329 1540 vera
342 1495 417 1559 puta.
449 1481 554 1538 Curius
567 1483 635 1557 quid
650 1483 744 1556 sentit,
758 1494 788 1540 et
801 1483 884 1541 ambo

147 1559 307 1636 Scipiadael
328 1562 396 1637 quid
411 1561 569 1632 Fabricius,
586 1580 739 1636 manesque
751 1561 886 1619 Camillil

144 1639 225 1700 Quid
241 1639 383 1697 Cremerae
397 1639 481 1714 legio,
496 1649 524 1694 et
538 1638 647 1695 Cannis
661 1650 829 1714 consumpta
841 1639 984 1714 juventus,

145 1715 204 1774 Tot
219 1717 354 1775 bellorum
370 1716 482 1786 animae,
497 1717 606 1790 quoties
621 1717 688 1774 hinc
702 1717 765 1775 talis
779 1719 814 1774 ad
830 1717 892 1776 illos

145 1795 253 1852 Umbra
267 1795 363 1852 venitl
404 1794 550 1869 Cuperent
564 1795 686 1867 lustrari,
701 1797 725 1853 si
739 1814 793 1871 qua
808 1797 943 1854 darentur

146 1873 260 1931 Sulfura
274 1893 341 1930 cum
355 1873 445 1944 taedis,
460 1883 488 1929 et
502 1873 525 1929 si
541 1873 611 1930 foret
625 1875 742 1932 humida
756 1876 859 1933 laurus.

145 1951 228 2024 Illuc,
243 1953 314 2010 heu'l
337 1951 432 2009 miseri
446 1952 628 2010 traducimur.
670 1955 761 2011 Arma
773 1954 888 2029 quidem
899 1953 972 2012 ultra

144 2030 253 2088 Littora
267 2031 285 2088 J
288 2051 401 2089 uvernae
415 2031 616 2108 promovimus,
633 2044 661 2090 et
674 2031 760 2092 modd
774 2045 872 2109 captas

28 2084 34 2164 ι.
144 2107 282 2182 Orcadas,
295 2129 328 2167 ac
340 2109 458 2168 minimi
471 2121 620 2168 contentos
634 2122 718 2171 nocte
729 2112 896 2172 Britannos:

145 2189 203 2245 Sed
217 2208 279 2264 quae
294 2207 372 2247 nunc
386 2188 481 2265 populi
496 2189 568 2245 fiunt
582 2189 696 2248 victoris
710 2191 739 2248 in
754 2192 833 2264 urbe,

145 2265 212 2325 Nou
226 2268 335 2327 faciunt
352 2268 403 2340 illi,
417 2286 487 2344 quos
500 2267 670 2325 vicimus.-

518 2587 677 2645 SATIRA
698 2588 754 2647 111.

182 2741 325 2802 Quanrms
339 2740 470 2818 digressu
483 2744 586 2801 veteris
599 2744 734 2802 confusus
748 2743 843 2818 amici,

143 2818 243 2876 Laudo
256 2829 362 2892 mmen,
376 2822 473 2878 vacuis
487 2819 563 2896 quod
578 2824 675 2880 sedem
689 2823 775 2898 figere
790 2823 891 2880 Cumis

143 2897 284 2970 Destinet,
300 2909 383 2974 atque
398 2919 486 2962 unum
502 2901 592 2958 civem
607 2902 713 2958 donare
728 2901 851 2977 Sibyllae.

143 2975 162 3032 J
164 2995 239 3034 anua
250 2976 383 3035 Baiarum
397 2990 449 3051 cst,
465 2991 493 3037 at
506 2993 617 3056 gratum
628 2981 706 3038 littus
720 2982 824 3040 amoeni

128 3055 298 3138 iseo-„essue
331 3057 393 3134 Ego
407 3059 449 3117 rel
465 3058 633 3134 Prochytam
647 3079 783 3137 prepono
792 3004 1004 3132 Qbfflemd
1048 3003 1152 3120 a?
1169 3068 1175 3087 '

142 3133 219 3192 Nam
234 3135 300 3212 quid
315 3147 373 3195 tam
387 3138 531 3212 miserum,
547 3150 604 3197 tam
619 3139 709 3197 solum
725 3141 855 3214 vidimus,
867 3151 898 3197 ut
911 3159 968 3200 uon

143 3213 278 3272 Deterius
288 3216 388 3272 credas
403 3219 516 3275 horrere
527 3219 670 3289 incendia,
685 3221 779 3295 lapsus

143 3291 299 3348 Tectorum
315 3293 452 3364 assiduos,
468 3312 502 3348 ac
516 3295 592 3350 mille
606 3295 731 3368 pericula
745 3315 825 3351 saevre

143 3368 238 3440 Urbis,
252 3380 281 3426 et
295 3369 426 3444 Augusto
440 3370 593 3427 recitantes
608 3389 704 3427 mense
718 3374 838 3446 poetasl

144 3448 202 3506 Sed
213 3448 280 3505 dum
295 3455 354 3504 tote
364 3448 464 3504 domus
478 3448 566 3505 rhedis
580 3449 758 3523 componitur
772 3450 840 3521 und,
1090 3453 1127 3512 lil

144 3527 276 3585 Substitit
289 3527 324 3582 ad
340 3535 448 3584 veteres
462 3545 544 3584 arcus
559 3527 757 3602 madidamque
772 3529 927 3604 Capenam.

143 3604 213 3677 Hic,
228 3605 277 3663 ubi
291 3615 438 3665 nocturnas
453 3605 550 3665 Numa
564 3607 754 3665 constituebat
767 3607 876 3682 amice,

144 3683 233 3742 Nunc
247 3686 320 3743 sacri
335 3685 420 3744 fontis
434 3705 535 3745 nemus
549 3697 578 3744 et
590 3686 708 3745 delubra
721 3686 850 3746 locantur

143 3758 162 3820 J
165 3763 263 3838 udeis,
276 3782 395 3840 quorum
409 3764 548 3842 cophinus
563 3765 724 3841 t‘oenumque
735 3766 870 3844 supellex,
