2494 4274
461 257 586 310 satum
603 261 677 312 XIV.

74 403 196 463 Sorbere
210 414 277 461 ante
291 402 388 462 cibum
401 403 476 477 quod
490 403 592 462 debeat
604 415 633 462 at
645 414 724 480 pater
737 414 767 464 et
777 421 836 466 rex.

72 480 205 541 Monstro
219 482 391 558 voluptatem
405 482 560 557 egregiam,
574 483 622 540 cui
637 483 717 540 nulla
729 484 852 556 theatra,

72 560 163 618 Nulla
177 579 289 634 aequare
302 579 393 638 queas.
403 560 534 618 Praetoris
546 561 654 637 pulpita
667 562 747 634 lauti,

73 639 105 697 Si
119 649 243 714 spectes,
253 648 360 714 quanto
373 638 473 714 capitis
486 639 650 698 discrimina
663 650 794 700 constent

72 718 259 775 Incrementa
272 716 384 788 domris,
399 717 484 774 aerauf
498 717 603 774 multus
617 717 647 774 in
662 718 729 776 arcti

72 796 186 868 Fiscus,
201 796 280 852 etad
295 794 408 872 vigilem
421 795 546 870 ponendi
561 796 680 854 Castora
694 795 816 869 numini,

71 873 118 932 Es
130 893 189 949 qno
202 871 282 930 Mars
296 874 367 932 ultor
377 874 487 951 galeam
501 892 612 948 quoque
626 874 757 950 perdidit,
771 886 800 935 et
812 893 859 936 m

71 951 141 1011 Non
156 952 248 1028 potuit
261 970 371 1012 serrare
384 971 457 1012 suas.
498 949 576 1027 Ergd
586 953 683 1010 omnia
696 951 788 1013 Florae

71 1031 110 1090 Et
123 1030 240 1088 Cereris
253 1030 321 1088 licet
334 1041 363 1090 et
374 1030 498 1104 Cybeles
511 1031 602 1088 aulea
616 1032 775 1108 relinquas:

72 1109 172 1167 Tanto
186 1109 308 1185 majores
321 1110 447 1166 humana
460 1109 574 1186 negotis
587 1109 655 1166 ludi.

5 1209 9 1216 ·
112 1189 163 1246 An
177 1184 269 1262 magis
280 1187 427 1245 oblectant
440 1187 566 1246 animum
578 1187 685 1262 jactata
694 1198 811 1264 petauro

71 1267 210 1342 Corpora,
222 1265 326 1342 quique
340 1267 411 1324 solet
423 1277 532 1324 rectum
545 1266 720 1324 descendere
733 1267 841 1341 funem,

70 1343 174 1406 Quam
186 1354 229 1415 tu,
243 1343 366 1420 Corycia
380 1362 490 1419 semper
503 1344 551 1419 qui
564 1363 657 1419 puppe
670 1346 787 1404 moraris

71 1425 172 1498 Atque
185 1422 306 1494 habitas,
320 1423 396 1482 Coro
410 1441 521 1497 semper
534 1421 675 1479 tollendus
687 1433 716 1480 et
730 1423 848 1497 Austro,

72 1501 206 1559 Perditus
219 1519 254 1558 ac
267 1501 329 1558 vilis
338 1499 417 1558 sacci
430 1510 568 1560 mercator
580 1499 696 1569 olentis3

71 1579 136 1640 Qui
150 1578 259 1655 gaudes
272 1579 378 1655 pingue
392 1578 515 1653 antiqua
529 1579 565 1636 de
581 1577 673 1636 littore
688 1578 783 1638 Crete

72 1657 194 1716 Passum
208 1667 238 1714 et
250 1657 410 1733 municipes
422 1656 501 1714 Jovis
514 1656 661 1715 advexisse
674 1657 813 1733 lagenas?

73 1735 134 1792 Hic
148 1746 245 1794 nmen
258 1733 375 1812 ancipiti
389 1735 480 1812 figens
493 1735 611 1811 vestigia
623 1735 720 1811 plante

72 1814 193 1871 Victum
208 1813 257 1871 illa
270 1815 402 1872 mercede
415 1826 504 1890 perat,
519 1815 702 1889 brumamque
716 1813 878 1893 funemque

72 1891 129 1950 Illa
143 1901 218 1950 reste
231 1903 329 1950 cavet:
349 1903 381 1950 tu
394 1903 506 1968 propter
520 1892 596 1950 mille
610 1893 715 1952 talenta

72 1969 112 2028 Et
125 1979 243 2028 centum
257 1970 336 2030 villas
350 1971 523 2029 temerarius.
564 1969 691 2046 Adspice
704 1981 803 2046 portus
1001 1973 1064 2032 275

71 2048 112 2110 Et
123 2048 242 2126 plenum
255 2049 367 2125 magnis
380 2048 507 2106 trabibus
519 2067 613 2118 mare;
634 2049 698 2124 plus
711 2049 858 2110 hominurn
870 2058 914 2110 ffit
923 2049 984 2128 jam

72 2126 110 2184 In
123 2127 243 2203 pelago:
263 2127 360 2186 veniet
372 2127 481 2199 classis,
494 2123 664 2202 quicunque
678 2128 785 2186 rocdrit
1002 2171 1005 2178 ›

72 2205 148 2281 Spes
160 2205 242 2276 lucri,
257 2224 312 2262 nec
326 2205 512 2282 Carpathium
525 2205 694 2282 Getulaqus
705 2204 817 2270 mutum

72 2284 202 2359 AEquora
214 2283 377 2356 transsiliat,
390 2285 451 2356 sed,
465 2281 552 2362 longe
564 2285 655 2361 Calpe
669 2284 779 2360 reliam,
870 2311 872 2314 ·

72 2361 183 2420 Audiet
197 2361 340 2424 Herculeo
353 2363 519 2424 stridentem
532 2364 643 2438 gurgite
657 2363 753 2422 solem.
1002 2365 1063 2422 28ss

71 2440 191 2498 Grande
204 2459 300 2516 opera
311 2441 432 2516 pretium
445 2452 498 2512 est,
513 2451 547 2500 ut
557 2451 638 2498 tenso
651 2441 717 2500 folle
730 2442 835 2502 reveni

72 2516 149 2575 Inde
163 2517 279 2576 domum
293 2520 392 2594 possis,
405 2520 570 2593 tumideque
584 2518 722 2593 superbus
735 2519 824 2590 duit,

72 2595 187 2654 Oceani
202 2607 326 2654 monstra
339 2609 368 2656 et
378 2598 497 2672 juvenes
511 2597 614 2654 vidisse
628 2597 760 2656 marinos.

72 2674 142 2732 Non
157 2692 232 2732 unus
244 2686 354 2733 mentes
368 2677 455 2752 agitat
468 2677 552 2734 furor.
593 2673 646 2734 Ille
659 2675 762 2736 sororis

72 2753 109 2810 In
124 2753 258 2810 manibus
272 2753 350 2811 vultu
365 2753 557 2812 Eumenidum
570 2763 690 2816 terretur
704 2753 826 2832 etigni:
1002 2755 1066 2814 Q

73 2832 134 2892 Hic
148 2831 219 2888 bove
233 2850 369 2906 percusso
382 2833 493 2909 mugire
508 2833 729 2909 Agamemnona
740 2835 832 2896 credit

73 2911 136 2967 Aut
149 2908 290 2968 Ithacum.
332 2911 433 2968 Parcet
446 2911 551 2970 tunicis
563 2908 633 2970 licdt
646 2922 730 2986 atque
743 2911 878 2984 lacernis,

73 2988 223 3045 Curatoris
237 2998 311 3062 eget,
326 2989 374 3063 qui
389 3008 490 3046 navem
504 2989 646 3045 mercibus
660 2988 759 3062 implet

73 3065 123 3123 Ad
137 3084 279 3123 summum
293 3065 376 3136 latus,
390 3077 419 3123 et
431 3065 529 3124 aaut
542 3065 723 3137 distinguitur
736 3063 832 3130 und13

73 3145 176 3205 Quum
190 3144 226 3201 sit
238 3161 326 3202 causa
339 3143 405 3199 mali
419 3141 503 3211 tanti,
518 3151 547 3197 et
560 3139 733 3197 discriminis
748 3139 841 3214 hujus,
1003 3140 1064 3198 290

73 3221 232 3278 concisum
246 3232 397 3297 argentum
412 3219 441 3276 in
455 3217 552 3280 titulos
563 3216 705 3292 faciesque
719 3215 852 3276 minutas.
1239 3171 1241 3272 l

74 3299 240 3357 Occurrunt
253 3300 344 3356 nubes
357 3309 385 3358 et
399 3297 519 3375 fulgura.
561 3295 666 3355 Solvite
681 3297 788 3369 sunem,

75 3377 225 3435 Frumenti
240 3379 374 3438 dominus
385 3378 489 3438 clamat
501 3375 660 3454 piperisque
673 3375 816 3454 coempti3

74 3454 125 3513 Nil
140 3455 217 3514 color
230 3455 278 3512 hic
292 3456 367 3529 coeli,
380 3457 421 3516 nil
435 3455 523 3516 fascia
536 3457 618 3532 nigra
630 3457 773 3526 minatum
1240 3481 1241 3536 i

75 3533 218 3591 AEstivum
231 3545 318 3592 tonat.
359 3535 461 3592 Infelix
476 3535 531 3593 haic
545 3535 660 3594 forsitan
674 3533 736 3607 ipsi
1003 3529 1066 3589 295

74 3611 171 3670 Nocte
184 3612 269 3670 cadet
282 3611 377 3668 fractis
390 3615 525 3684 trabibus,
539 3613 682 3683 fluctuque
696 3619 840 3683 premetur

75 3689 214 3762 Obrutus,
228 3700 258 3746 et
271 3707 374 3748 zonam
388 3688 458 3746 laval
471 3705 621 3762 morsuque
634 3686 752 3746 tenebit.

74 3769 134 3827 Sed
147 3768 230 3846 cujus
243 3768 314 3828 rotis
327 3763 412 3828 modd
425 3786 483 3826 non
496 3766 646 3824 suffecerat
659 3783 772 3838 aurum,
