2494 4274
195 271 232 328 14
505 265 536 314 D.
553 265 649 314 JUNII
667 264 863 314 JUVENALIS

194 408 331 467 Servulus
345 407 452 479 infelix,
466 417 495 466 et
508 425 594 465 cursu
608 408 724 466 ventilat
738 403 874 483 iguem><
1119 407 1189 468 235

195 489 373 545 Scinduntur
386 488 491 545 tunicae
505 496 603 543 sartae:
624 485 712 544 modd
724 488 810 560 longa
823 495 955 581 coruscat

194 568 315 624 Sarnaca
328 567 460 624 veniente
474 565 561 640 Q
577 576 660 640 atque
674 567 761 623 altera
775 566 874 641 pinum
917 565 1009 628 (Calan,
1053 610 1057 619 ,

194 645 324 702 Plaustra
337 646 451 715 vehunt,
466 656 567 701 nutant
581 645 643 700 altae
667 645 825 719 populoque
847 635 1063 728 minaturum.

194 721 271 781 Nam
285 743 309 780 ει
323 724 483 800 procubuit,
497 724 544 797 qui
559 742 627 779 saxa
641 723 787 798 Ligustica
801 733 901 798 portat,

195 803 277 873 Axis,
291 813 320 858 et
333 821 461 859 eversum
476 802 548 858 ludit
562 820 645 876 super
659 802 775 876 agmina
789 812 924 875 montem,
1120 801 1187 860 240

194 880 275 941 Quid
290 891 417 956 superest
431 880 467 936 de
481 879 668 953 corporibusl
688 880 751 953 quis
765 879 901 950 membra,
915 878 978 954 quis
995 897 1061 937 ossa

195 957 330 1015 Iuvenitl
350 958 485 1016 obtritum
499 957 575 1034 vulgi
588 957 662 1036 perit
674 976 760 1014 omne
771 958 892 1014 cadaver
908 961 952 1014 aaa
963 957 1035 1010 aaa&
1054 947 1073 1000 lt
1109 947 1170 1006 Μ

196 1035 277 1095 More
289 1037 398 1094 animae.
440 1034 550 1092 Domus
564 1037 672 1093 interea
686 1055 787 1093 secura
800 1035 917 1111 patellas

195 1114 214 1171 J
218 1134 263 1172 am
277 1116 361 1188 lavat,
375 1127 404 1172 et
418 1115 510 1171 buceri
524 1115 648 1171 foculum
662 1115 776 1186 excitat,
790 1125 818 1171 et
832 1125 913 1172 sonat
926 1115 1020 1173 unctis

196 1191 358 1270 Striglibus,
373 1205 402 1251 et
414 1193 499 1269 pleno
512 1194 656 1268 componit
671 1194 758 1250 lintea
772 1203 860 1270 gutto.
1119 1195 1184 1254 245

196 1271 269 1330 Haec
281 1274 352 1330 inter
367 1291 468 1348 pueros
482 1270 558 1329 varie
574 1283 773 1348 properantur:
795 1271 882 1329 atille

196 1351 214 1408 J
217 1371 261 1408 am
275 1353 356 1409 sedet
369 1352 399 1409 in
413 1351 485 1427 ripa,
500 1362 657 1426 tetrumque
672 1351 800 1408 novicius
814 1351 908 1408 horret

196 1429 356 1502 Porthmea,
370 1449 425 1488 nec
440 1441 534 1506 sperat
547 1430 654 1487 coenosi
668 1430 788 1506 gurgitis
803 1430 899 1487 alnum

196 1509 310 1581 Infelix,
326 1510 488 1581 nechabet,
504 1527 589 1583 quem
604 1511 736 1584 porrigat,
751 1529 799 1566 ore
813 1467 1036 1590 trientemaffl‘r:
1050 1495 1133 1583 pls-lx

236 1588 362 1664 Respice
376 1607 454 1644 nunc
468 1588 523 1644 alia
537 1607 570 1643 ac
585 1589 695 1644 diversa
709 1587 835 1663 pericula
849 1588 958 1644 noctis:
1118 1588 1183 1647 250

195 1666 282 1728 Quod
298 1667 420 1742 spatium
434 1667 517 1723 tectis
530 1666 706 1736 sublimibus,
723 1666 799 1722 unde
814 1665 961 1722 cerebrum

196 1743 287 1802 Testa
301 1745 373 1816 serit,
387 1745 497 1819 quoties
510 1744 613 1802 rimosa
626 1754 655 1801 et
669 1755 749 1802 curta
763 1745 892 1802 fenestris

196 1824 273 1880 Vasa
284 1824 388 1882 cadant
397 1844 404 1894 ;
425 1836 530 1899 quanto
543 1841 710 1898 percussum
725 1825 849 1898 pondere
865 1822 980 1899 signent

196 1901 234 1960 Et
247 1903 352 1960 ladant
365 1902 482 1961 silicem.
524 1902 618 1960 Possis
633 1902 752 1978 ignavus
766 1902 863 1959 haberi

196 1981 234 2038 Et
249 1983 334 2040 subiti
349 1981 431 2040 castis
446 1982 626 2058 improvidus,
639 1982 674 2037 ad
689 2001 799 2038 coenam
819 1982 842 2037 si

197 2060 350 2119 Intestatus
364 2080 420 2119 eas.
463 2058 546 2119 Adeo
561 2072 600 2117 tot
615 2061 680 2132 sata,
694 2071 762 2135 quot
775 2061 823 2118 itta

196 2139 290 2197 Nocte
307 2150 405 2216 patent
419 2141 526 2216 vigileS,
541 2151 569 2196 te
583 2151 779 2215 praetereunte,
794 2140 940 2196 senestrae:

197 2216 275 2294 Ergb
289 2231 377 2296 optes,
392 2231 542 2294 votumque
557 2219 629 2275 seras
643 2219 801 2275 miserabile
817 2230 922 2290 tecum,

164 2297 168 2306 “
196 2296 235 2354 Ut
248 2299 304 2356 sint
318 2308 459 2356 contentae
473 2299 582 2374 patulas
597 2297 752 2354 defundere
766 2281 971 2373 pelves-,ll
1189 2333 1193 2338 -

235 2376 340 2434 Ebrius
353 2396 387 2434 ac
398 2378 537 2452 petulans,
552 2376 599 2452 qui
614 2376 723 2432 nullum
741 2375 811 2435 forte
827 2375 942 2448 cecidit,
972 2423 977 2447 ,1
1040 2429 1078 2438 „
1119 2375 1181 2435 260

196 2454 254 2528 Dat
263 2469 373 2533 Q,
388 2467 500 2514 noctem
514 2457 617 2532 patitur
630 2457 754 2532 lugentis
768 2457 892 2513 amicum
922 2455 968 2514 lt!
982 2408 1117 2508 ῶῖωῧ.

196 2535 312 2610 Pelidae,
326 2536 412 2594 cubat
426 2536 454 2592 in
470 2537 583 2606 faciem,
597 2553 662 2592 mox
678 2536 780 2592 deinde
795 2536 921 2611 supinus.

196 2612 275 2690 Ergd
290 2633 347 2671 non
362 2615 441 2670 aliter
454 2616 556 2688 poterit
570 2614 710 2669 dormirel
750 2614 934 2673 Quibusdam

197 2693 335 2749 Somnum
350 2692 409 2748 rixa
428 2692 510 2748 facit:
532 2692 591 2761 sed,
606 2692 732 2764 quamvis
747 2691 890 2766 improbus
904 2691 996 2764 annis,

198 2770 291 2843 Atque
305 2788 383 2826 mero
398 2769 518 2839 fervens,
530 2780 610 2824 cavet
625 2770 712 2838 hunc,
727 2788 810 2842 quem
828 2771 948 2827 coccina
966 2771 1041 2828 latua
1119 2771 1181 2848 265
1227 2775 1228 2796 l

196 2848 287 2905 Vitari
298 2847 388 2924 jubet,
402 2859 431 2904 et
445 2849 580 2905 comitum
595 2847 775 2920 longissimus
788 2848 867 2918 ordo,
1226 2871 1227 2874 ¹

196 2926 319 2991 Multum
333 2937 467 3003 praeterea
481 2926 666 2997 flammarum,
680 2937 709 2982 et
723 2930 814 2983 aenea
828 2927 943 3002 lampas.

196 3005 256 3078 Me,
270 3025 354 3081 quem
364 3006 432 3064 luna
446 3006 516 3064 solet
530 3006 671 3062 deducere
696 3005 738 3062 vel
754 3006 837 3062 breve
851 3006 949 3064 lumen

194 3085 342 3158 Caudelae,
353 3085 434 3163 cujus
448 3086 580 3162 dispenso
593 3096 622 3143 et
636 3096 762 3161 tempero
772 3085 862 3157 filum,

194 3165 368 3223 contemnit.
409 3163 522 3222 Misera
536 3184 677 3242 cognosce
691 3166 827 3240 prooemia
840 3166 918 3238 rixae,

196 3243 227 3299 Si
242 3243 303 3299 rixa
312 3254 365 3312 est,
379 3242 428 3298 ubi
442 3255 473 3298 tu
485 3243 590 3316 pulsas,
602 3262 656 3316 ego
669 3245 771 3318 vapulo
784 3243 904 3301 tantiam.

196 3321 259 3377 Stat
272 3317 382 3389 contib,
396 3320 518 3393 starique
529 3319 625 3393 jubet3
647 3338 746 3392 parere
760 3338 878 3378 necesse
892 3331 943 3380 est.

195 3397 271 3456 Nam
285 3398 352 3472 quid
367 3415 443 3470 agas,
458 3414 543 3470 quum
558 3407 586 3453 te
602 3397 722 3454 furiosus
736 3408 828 3473 cogat,
843 3409 871 3456 et
885 3398 961 3456 idem

195 3475 328 3535 Fortiorl
367 3474 451 3531 Unde
465 3475 566 3532 venist
586 3476 744 3533 exclamat:
765 3477 847 3552 cujus
861 3490 952 3550 aceto,

195 3556 285 3633 Cujus
299 3553 408 3613 conche
421 3555 534 3611 tumesl
554 3555 616 3629 qnis
630 3566 725 3612 tecum
740 3557 837 3614 sectile
850 3575 964 3633 porrum

196 3636 291 3705 Sutor,
306 3645 334 3691 et
347 3632 413 3690 elixi
427 3634 551 3690 vervecis
566 3635 643 3690 labra
656 3635 800 3691 comeditl
840 3643 847 3656 '

195 3711 246 3768 Nil
260 3712 330 3768 mibi
344 3711 519 3786 respondesl
540 3723 588 3768 aut
597 3713 652 3781 dio,
669 3723 717 3770 aut
731 3714 829 3788 accipe
844 3713 961 3772 calcem.

195 3789 268 3862 Ede,
283 3789 332 3847 ubi
346 3788 502 3847 consistas:
524 3789 552 3846 in
566 3789 623 3863 qud
636 3801 665 3847 te
677 3809 773 3863 quaero
786 3792 965 3866 proseucbdl
