2494 4274
155 232 198 294 Μ
467 230 500 278 D.
518 228 615 278 JUNll
631 226 827 277 JUVENALIS

156 371 321 450 Magnaque
335 371 456 430 debetur
469 372 572 430 violato
584 389 669 447 poena
683 371 816 428 cadurco.

155 451 193 509 Et
207 453 327 509 movisse
341 463 427 527 caput
441 451 499 507 visa
512 461 555 508 est
569 462 702 524 argentea
716 467 850 524 serpens:

154 528 236 588 lllius
250 529 383 604 lacrymae
398 529 589 602 meditataque
602 545 748 584 murmura
761 536 905 601 praestant,

153 606 193 666 'Ur
207 609 318 666 veniam
334 608 425 664 culnia
439 627 497 666 non
513 606 630 678 abnuat,
646 624 745 662 ansere
760 622 864 679 magno

154 686 274 745 Scilicet
287 697 317 743 et
329 686 410 743 tenui
424 703 536 761 popano
549 696 707 759 corruptus,
721 683 822 740 Osiris.

192 765 295 826 Quum
306 765 384 821 dedit
398 764 445 821 ille
459 764 571 832 locum3
593 763 716 838 cophino
730 761 860 836 soenoque
874 760 983 834 relicto,

153 843 301 900 Arcenam
315 841 418 899 Judaea
430 853 555 899 tremens
568 840 714 897 mendicat
727 840 756 896 in
773 858 880 911 aurern,

153 917 299 996 Interpres
311 921 408 995 legum
423 918 613 992 Solymarum,
627 929 655 974 et
669 936 774 993 magna
788 919 921 976 sacerdos

153 998 283 1070 Arhoris,
299 1016 333 1053 ac
347 998 451 1054 summi
464 997 523 1054 lida
539 996 716 1054 internuntia
729 997 803 1054 coeli.

153 1074 260 1152 Implet
273 1088 303 1134 et
316 1074 365 1132 illa
378 1093 505 1146 manum,
520 1076 569 1132 sed
583 1074 714 1150 parcitis:
736 1094 791 1134 aare
805 1075 915 1134 minuto

152 1153 378 1228 Qualiscunque
389 1154 465 1212 voles
477 1153 496 1209 J
499 1153 573 1210 ndei
587 1154 698 1212 somnia
711 1155 845 1211 venduut.

154 1234 282 1308 Spondet
297 1243 450 1291 amatorem
464 1243 604 1302 tenerum,
619 1231 662 1290 vel
677 1232 770 1289 divitis
783 1231 844 1289 orbi

153 1310 373 1368 Testamentum
387 1311 499 1386 ingens,
513 1311 613 1367 calidae
627 1310 761 1387 pulmone
772 1309 911 1367 columbae

153 1388 301 1462 Tractato,
316 1389 472 1446 Armenius
487 1389 529 1446 rel
544 1389 756 1464 Commagenus
770 1389 928 1464 haruspex3

153 1466 274 1526 Pectora
287 1467 428 1544 pullorum
443 1468 559 1526 rimatur
573 1478 602 1526 et
614 1478 680 1524 exta
693 1467 798 1538 catelli,

153 1545 303 1605 Interdum
318 1557 347 1604 et
359 1545 456 1622 pueri:
478 1546 572 1617 faciet,
587 1547 660 1619 qnod
673 1546 781 1602 delerat
794 1545 863 1619 ipse.

193 1624 337 1681 Chaldaeis
351 1626 401 1681 sed
415 1624 502 1698 major
515 1624 570 1682 erit
583 1623 705 1680 fiducia:
725 1622 864 1696 quidquid

152 1700 265 1760 Dixerit
278 1701 457 1776 Astrologus,
472 1701 590 1758 credent
604 1702 710 1758 alonte
724 1700 844 1758 relatum

153 1779 340 1849 Hammonis3
361 1781 495 1854 quoniam
510 1779 629 1856 Delphis
642 1779 759 1836 oracula
772 1791 894 1852 cessant,

151 1855 191 1916 Et
204 1876 297 1934 genus
311 1858 468 1916 humanum
481 1855 597 1916 damnat
611 1857 706 1934 caligo
720 1859 815 1916 futuri.

151 1934 318 2013 Praecipuus
332 1948 427 1995 umen
442 1947 485 1994 est
499 1938 609 2008 horum,
623 1937 672 2012 qni
686 1933 790 2012 saepiirs
803 1935 895 2008 exsul,

152 2015 244 2092 Cujus
258 2015 394 2086 amicitiai,
408 2017 654 2090 conducendaque
668 2015 773 2073 tabella

152 2091 279 2189 Magnus
293 2094 362 2150 civis
375 2093 444 2165 obit,
458 2105 488 2151 et
502 2095 668 2152 formidatus
681 2093 799 2152 Othoni.

151 2169 226 2232 Inde
241 2172 312 2230 fides
326 2171 388 2242 arti,
399 2173 494 2230 sonuit
507 2172 531 2230 si
545 2174 660 2230 dextera
674 2173 747 2229 serro

152 2250 301 2326 Laevaque,
316 2250 340 2308 si
353 2250 438 2326 longo
451 2262 607 2312 castrorum
621 2251 651 2307 in
666 2269 780 2308 carcere
790 2249 903 2308 mansit.

151 2327 247 2388 Nemo
257 2329 475 2387 mathematicus
489 2330 606 2406 genium
621 2330 802 2388 indemnatus
813 2328 947 2386 habebit:

152 2407 212 2465 Sed
225 2407 273 2484 qui
286 2405 370 2486 prend
383 2407 467 2484 perit,
481 2410 528 2467 cui
543 2409 588 2467 rix
602 2410 631 2466 in
645 2408 773 2484 Cyclada
786 2407 859 2466 mitti

151 2485 289 2564 Contigit,
303 2499 332 2545 et
345 2488 430 2564 parvi
444 2489 559 2546 tandem
574 2489 698 2546 caruisse
713 2487 841 2562 Seripho.

151 2564 284 2625 Consulit
297 2566 421 2624 ictericae
436 2566 513 2624 lento
526 2568 562 2624 de
577 2567 675 2624 funere
690 2567 796 2636 matris,

151 2643 231 2702 Ante
245 2655 341 2701 tamen
355 2645 391 2700 de
405 2655 443 2715 te,
457 2645 599 2719 Tanaquil
613 2656 679 2701 tua:
700 2644 814 2717 quando
828 2662 953 2702 sororem

151 2719 269 2793 Efferat,
283 2733 312 2778 et
325 2733 457 2796 patruos;
479 2740 515 2777 an
529 2722 566 2778 sit
580 2722 703 2779 victurus
716 2721 826 2778 adulter

150 2798 220 2857 Post
233 2799 345 2875 ipsaml
365 2798 432 2874 quid
446 2799 523 2856 enirn
537 2799 627 2875 majus
641 2800 708 2857 dare
722 2800 839 2856 numina
852 2801 991 2874 possuntt

192 2877 266 2935 Haec
279 2888 374 2935 tamen
388 2878 499 2953 ignorat
512 2877 580 2952 quid
594 2878 673 2934 sidus
686 2877 765 2935 triste
779 2878 902 2936 minetur

152 2956 278 3029 Saturni,
292 2975 348 3032 quo
362 2956 426 3014 laeta
439 2955 539 3014 Venus
553 2976 583 3014 se
597 2957 719 3034 proferat
732 2969 815 3029 astro,

150 3035 213 3098 Qui
226 3036 333 3093 mensis
346 3036 467 3109 damnis,
481 3055 544 3112 quae
559 3037 661 3095 dentur
674 3048 800 3114 tempora
813 3036 901 3094 lucro

151 3112 233 3172 Illius
246 3134 382 3173 occursus
395 3116 481 3174 etiarn
495 3117 581 3175 vitare
596 3127 749 3188 memento,

151 3192 188 3250 In
201 3194 282 3268 cujus
295 3195 436 3265 manibus,
448 3213 502 3251 ceu
515 3196 633 3270 pinguia
646 3196 773 3265 succina,
784 3194 863 3252 tritas

151 3271 255 3326 Cernis
268 3271 482 3344 ephemeridas;
503 3289 566 3342 quae
581 3272 690 3325 nullum
704 3271 835 3340 consulit,
850 3268 947 3342 etjam

152 3345 335 3416 Consulitur:
355 3364 429 3419 quae,
443 3355 536 3402 castra
549 3347 607 3402 viro
620 3347 794 3420 patriamque
808 3356 933 3420 petente,

152 3425 221 3484 Non
236 3423 287 3481 ibit
299 3424 412 3500 pariter,
427 3423 554 3480 numeris
567 3434 697 3480 revocata
710 3422 862 3498 Thrasylli.

152 3505 201 3562 Ad
215 3502 337 3580 primurn
351 3501 473 3576 lapidem
487 3501 592 3560 vectari
606 3520 693 3576 quum
707 3501 810 3577 placet,
825 3503 894 3562 hora

153 3582 281 3640 Sumitur
292 3599 328 3640 ex
341 3579 429 3638 libro:
450 3579 473 3638 si
488 3581 578 3657 prurit
592 3581 689 3638 srictus
700 3581 783 3638 ocelli

153 3660 296 3735 singulus,
312 3659 441 3734 inspecti
454 3660 552 3734 genesi
566 3661 683 3735 collyria
696 3661 795 3736 poscit.

154 3735 245 3814 AEgra
257 3735 328 3795 licet
337 3737 440 3814 jaceat,
455 3737 594 3815 capiendo
607 3739 687 3798 nulla
699 3739 809 3798 ridetur
