2494 4274
315 245 332 271 κ’
368 260 381 282 0
428 215 629 296 walatam
645 237 664 272 »²

472 365 615 518 ΜΨ
649 355 704 479 ᾇ
753 375 959 468 lid&

229 560 289 636 D·
329 557 508 636 JUNll
545 557 905 634 JUVENALIS

487 815 652 863 sensuam

384 1041 755 1106 SATIRARUM

422 1294 527 1344 LIBER
542 1293 714 1352 QUARTUS.

460 1726 619 1786 SATIRA
638 1726 677 1786 X.

115 1885 261 1945 Orrrurnns
276 1884 306 1942 in
321 1885 415 1957 terris,
429 1903 493 1961 quae
508 1896 576 1943 sunt
589 1905 607 1942 a
619 1883 750 1942 Gadibus
763 1902 854 1960 usque

76 1963 223 2023 Auroram
236 1974 265 2021 et
278 1963 411 2039 Gangen,
424 1963 510 2039 pauci
524 1964 694 2038 dignoscere
707 1973 826 2038 possunt

75 2043 155 2102 Vera
166 2045 241 2101 bona
254 2053 337 2116 atque
351 2041 407 2099 illis
421 2039 542 2100 multdm
556 2041 676 2113 diversa,
690 2042 800 2098 remoti

76 2122 191 2181 Erroris
205 2119 319 2179 nebula.
359 2119 441 2180 Quid
456 2120 532 2178 enim
546 2121 656 2178 ratione
670 2120 812 2194 timemus,

77 2201 139 2259 Aut
152 2201 303 2276 cupimusl
323 2199 391 2274 quid
404 2210 463 2256 tam
477 2200 576 2258 dextro
589 2199 662 2276 pede
675 2200 814 2276 concipis,
827 2209 860 2258 ut
872 2209 902 2258 ts

78 2278 208 2339 Cocalus
221 2297 279 2336 non
293 2278 438 2354 poeniteat,
452 2277 564 2353 votique
577 2279 685 2355 peracti
696 2281 707 2336 l

77 2356 215 2416 Evertere
229 2359 328 2416 domos
341 2367 424 2428 totas,
437 2357 601 2432 optantibus
614 2357 692 2432 ipsis,

78 2436 117 2494 Di
133 2437 239 2494 faciles.
281 2433 421 2494 Nocitura
435 2436 512 2510 toga,
527 2435 658 2492 nocitura
672 2447 805 2510 petuntur

78 2515 194 2574 Militis.
235 2513 363 2571 Torrens
377 2513 493 2572 dicendi
507 2513 589 2590 copia
602 2511 708 2585 multis,

78 2593 117 2652 Et
130 2615 183 2652 sua
197 2593 340 2651 mortifera
352 2604 396 2650 est
410 2591 552 2650 facundia.
600 2591 718 2650 Viribus
731 2591 779 2650 ille

80 2673 214 2732 Confisus
227 2671 311 2748 periit
325 2671 553 2746 admirandisque
567 2671 688 2729 lacertis.

80 2753 138 2810 Sed
152 2753 247 2828 plures
261 2749 350 2808 nimiis
364 2763 499 2827 congesta
512 2749 635 2828 pecunia
648 2750 718 2810 curri

80 2831 255 2907 strangulat,
269 2841 298 2886 et
311 2841 415 2887 cuncta
428 2849 601 2906 exsuperans
614 2829 784 2905 patrimonia
796 2848 913 2904 census,

79 2909 200 2971 Quanto
213 2907 354 2984 delphinis
369 2909 479 2966 balena
493 2907 660 2967 Britannica
673 2910 772 2984 major.

80 2987 273 3064 Temporibus
287 2986 355 3043 diris
369 2986 465 3062 igitur,
475 2988 611 3062 jussuque
625 2986 761 3057 Neronis,

80 3067 244 3144 Longinum
257 3077 286 3122 et
300 3083 419 3140 magnos
434 3066 553 3120 Senecae
566 3063 720 3137 praedivitis
733 3065 831 3118 hortos

81 3146 202 3218 Clausit,
218 3155 247 3202 et
260 3142 392 3219 egregias
406 3141 612 3198 Lateranorum
628 3139 740 3199 obsidet
754 3139 831 3196 redes

81 3225 160 3282 Tota
172 3224 290 3282 cohors:
311 3239 391 3280 rarus
405 3219 482 3278 venit
496 3219 525 3276 in
540 3218 689 3278 caenacula
699 3218 789 3277 miles.

81 3303 181 3361 Pauca
194 3299 265 3361 licet
277 3312 371 3377 portes
386 3299 496 3375 argenti
510 3298 625 3358 vascula
637 3299 710 3378 puri,

82 3379 177 3440 Nocte
192 3381 245 3439 iter
258 3376 403 3456 ingressus
416 3380 544 3457 gladium
558 3392 731 3456 contumque
745 3379 869 3452 timebis,

82 3459 120 3519 Et
130 3470 214 3520 motae
228 3459 264 3518 ad
278 3459 376 3516 lunam
388 3458 543 3536 trepidabis
556 3459 704 3518 arundinis
718 3458 867 3518 umbram:

82 3537 219 3597 Cantabit
232 3556 338 3596 vacuus
352 3556 446 3596 coram
460 3537 568 3598 latrone
582 3538 679 3596 viator.

82 3618 180 3676 Prima
194 3615 254 3674 ferd
269 3626 334 3672 vota
346 3625 375 3671 et
388 3618 500 3674 cunctis
513 3617 661 3674 notissima
675 3611 788 3687 templis

82 3693 214 3766 Diririoe3
236 3703 367 3753 crescant
380 3703 412 3748 ut
424 3711 503 3767 opes,
517 3705 548 3750 ut
562 3692 685 3750 maxima
699 3701 758 3748 toto

82 3775 193 3838 Nostra
204 3774 241 3834 sit
255 3793 321 3832 arca
335 3771 419 3908 soro.⁴
430 3771 502 3886 *Sed
516 3771 595 3836 nulla
610 3769 724 3830 aconita
736 3769 882 3830 bibuntur
928 3821 932 3830 .
1010 3813 1016 3823 .
