2494 4274
159 280 181 344 Ι
473 283 506 332 D.
523 281 621 332 JUNll
637 282 834 332 IUVENALIS

143 425 343 506 ,Quadrantes
356 425 459 483 lectica
472 426 553 502 petit,
566 427 747 501 sequiturque
761 424 893 494 maritum

157 503 318 581 languida,
334 504 375 560 vel
391 523 550 581 pregnans,
565 516 594 562 et
606 504 830 562 circumducitur
843 521 922 561 uxor.

158 581 219 642 llic
231 583 302 658 petit
315 583 435 655 absenti,
450 584 519 641 noti
530 583 589 658 jam
599 583 718 640 callidus
732 594 801 653 arte,

157 661 325 718 Ostendens
339 679 456 718 vacuam
470 673 500 719 et
513 662 639 719 clausam
653 680 703 737 pro
717 661 801 735 conju
822 659 958 718 esellam

157 739 243 798 (dalla
255 757 319 796 mea
332 750 385 810 est,
399 739 499 814 inquit.
540 739 635 798 Citius
648 739 766 796 dimitte.
803 679 953 796 litorarist

159 817 270 888 Profer,
284 816 377 889 Galla,
392 829 485 892 caput.
526 817 595 875 Noli
609 835 726 884 vexare3
747 816 877 890 quiescit.

200 894 266 970 Ipse
280 895 341 951 dies
354 895 473 971 pulchro
486 896 669 971 distinguitur
682 895 782 952 ordine
796 913 890 950 rerum
903 913 910 952 ε

158 972 304 1048 Sportula,
320 975 424 1030 deinde
439 975 540 1044 forum,
553 974 678 1049 jurisque
692 973 799 1048 peritus
814 972 928 1048 Apollo,

154 1051 257 1130 ¹Atque
271 1053 464 1127 triumphales,
480 1053 553 1109 inter
567 1071 636 1126 quas
650 1070 736 1108 ausus
750 1051 854 1107 habere

158 1129 269 1187 Nescio
282 1131 345 1204 quis
358 1132 453 1187 titulos
467 1129 619 1206 AEgyptius
633 1141 716 1204 atque
730 1129 960 1186 Arabarches.-

143 1263 151 1282 .
165 1207 317 1265 Vestibulis
331 1209 437 1266 abeunt
450 1219 558 1264 veteres
572 1209 692 1283 lassique
706 1208 834 1278 clientes,

165 1285 292 1360 Votaque
306 1287 460 1361 deponunt,
474 1305 634 1361 quanquam
648 1287 811 1361 longissima
825 1303 915 1341 coenae

159 1362 236 1438 Spes
249 1366 365 1421 homini.
407 1364 512 1421 Caules
525 1365 636 1422 miseris
650 1375 732 1440 atque
747 1363 821 1438 ignis
835 1363 993 1420 emendus!

161 1441 282 1517 Optima
296 1443 429 1500 silvarum
444 1444 552 1500 interea
564 1444 712 1518 pelagique
727 1441 834 1499 vorabit

160 1519 230 1576 Rex
244 1522 353 1593 horum,
368 1523 520 1596 vacuisque
533 1522 601 1578 toris
615 1519 724 1578 tantbm
740 1522 798 1595 ipse
810 1519 923 1594 jacebit.

159 1595 240 1656 Nam
255 1600 291 1654 de
304 1610 346 1656 tot
358 1599 495 1673 pulchris,
508 1610 538 1653 et
550 1599 615 1654 latis
627 1599 754 1668 orbibus,
772 1608 801 1653 et
814 1607 872 1653 tam

161 1676 308 1750 Antiquis‚
323 1677 382 1732 und
396 1677 551 1734 comedunt
564 1677 733 1750 patrimonia
746 1673 854 1730 mensi.

160 1750 268 1810 Nullus
279 1753 338 1828 jam
352 1755 491 1830 parasitus
504 1751 572 1811 erit!
595 1754 653 1809 Sed
667 1754 729 1828 quis
744 1753 814 1810 ferat
829 1752 895 1808 istas

161 1831 298 1889 luxurie
312 1833 428 1888 sordesl
468 1832 588 1893 Quanta
600 1843 642 1888 est
656 1833 732 1908 gula,
746 1849 808 1906 quae
823 1829 877 1886 sibi
891 1839 965 1889 totos

161 1906 248 1968 Ponit
261 1930 352 1986 apros,
367 1911 471 1968 animal
485 1921 597 1986 propter
611 1911 741 1967 convivia
754 1909 868 1966 natum!

160 1987 253 2046 Poena
266 2000 361 2046 tamen
372 2009 506 2065 praesens,
521 2007 609 2063 quum
623 2001 654 2045 tu
669 1990 787 2064 deponis
800 1987 921 2044 amictus

160 2063 321 2142 Turgidus,
337 2079 366 2122 et
379 2069 498 2124 crudum
513 2087 651 2143 pavonem
672 2067 701 2123 in
717 2067 818 2124 balnea
831 2077 932 2141 portas

162 2143 243 2202 Hinc
257 2145 356 2202 subitae
370 2156 484 2215 mortes,
499 2154 582 2220 atque
594 2147 726 2204 intestata
739 2155 881 2202 senectus.

161 2221 191 2280 It
205 2243 287 2295 nova,
301 2242 356 2280 nec
370 2224 466 2295 tristis,
480 2242 530 2299 per
544 2235 663 2281 cunctas
673 2225 768 2280 fabula
782 2240 894 2280 menas:

161 2299 285 2359 Ducitur
299 2302 376 2358 iratis
389 2303 582 2378 plaudendum
597 2303 682 2359 finnus
696 2303 802 2360 amicis.

202 2379 253 2437 Nil
267 2383 320 2438 erit
333 2381 460 2454 ulterius,
474 2382 549 2456 quod
564 2382 666 2438 nostris
679 2382 805 2438 moribus
820 2377 906 2438 addat

160 2451 330 2528 Posteritas:
350 2461 451 2517 eadem
467 2459 583 2534 cupient
597 2459 757 2534 facientque
774 2461 907 2518 minores.

161 2538 257 2596 Omne
271 2539 301 2596 in
312 2539 451 2616 praecipiti
464 2539 563 2596 vitium
578 2539 663 2596 stetit.
705 2538 791 2596 Utere
806 2541 892 2606 velis3

161 2615 253 2675 Totos
266 2618 359 2691 pande
374 2618 462 2672 sinus.
503 2617 592 2674 Dicas
606 2616 654 2672 hic
668 2617 793 2687 forsitan,
808 2618 886 2674 unde

158 2686 380 2770 Jngeniumpar
392 2695 537 2752 material
559 2696 635 2751 unde
650 2693 697 2751 illa
711 2695 835 2769 priorum

162 2772 313 2829 Scribendi
327 2773 517 2847 quodcunque
530 2773 625 2829 animo
639 2772 776 2848 flagrante
791 2774 891 2831 liberet

161 2850 347 2925 Simplicitas,
361 2850 445 2926 cujus
458 2870 516 2908 non
531 2851 623 2908 audeo
637 2851 732 2907 dicere
747 2853 874 2909 nomenl

160 2927 244 2990 Quid
257 2929 343 2985 refert
356 2929 440 2987 dictis
454 2930 584 3006 ignoscat
597 2927 723 3002 Mucius,
738 2949 775 2989 an
789 2931 868 2989 nonl

161 3006 241 3064 Pone
255 3006 451 3083 Tigellinum:
472 3009 548 3065 teda
562 3008 670 3064 lucebis
684 3009 714 3065 in
729 3009 787 3080 ills,

160 3084 231 3148 Qut
244 3097 351 3144 stantes
364 3087 474 3159 ardent,
488 3088 537 3161 qui
550 3087 607 3144 fixo
620 3097 732 3162 gutture
746 3089 866 3160 fumant,

160 3163 199 3221 Et
211 3165 300 3222 latum
313 3165 408 3222 medii
419 3167 530 3223 sulcum
546 3166 658 3223 diducis
669 3167 765 3226 arenti.

159 3241 222 3300 Qui
236 3243 315 3297 dedit
327 3261 396 3318 ergo
409 3243 500 3298 tribus
513 3245 620 3315 patruis
634 3246 756 3313 aconita,
771 3245 888 3299 vehatur

161 3317 322 3376 Pensilibus
335 3319 448 3392 plumis,
463 3329 547 3391 atque
561 3319 641 3374 illinc
656 3319 793 3393 despiciat
806 3320 878 3374 nost

159 3395 262 3456 Quum
277 3397 370 3454 veniet
383 3393 493 3466 comm,
508 3395 596 3470 digito
610 3414 759 3470 compesce
773 3397 924 3453 labellum:

161 3475 321 3532 Accusator
335 3473 399 3544 erit,
412 3475 461 3547 qui
476 3473 592 3530 verbum
606 3474 718 3546 dixerit,
732 3475 780 3532 hic
793 3486 843 3532 est.

162 3552 288 3609 &curus
301 3551 370 3609 licet
382 3551 497 3609 AEnean
511 3551 709 3626 Rutulumque
723 3553 847 3612 ferocem

161 3629 347 3688 committas:
369 3631 439 3688 nulli
453 3631 546 3706 gravis
558 3642 601 3689 est
614 3649 766 3707 percussus
779 3632 920 3707 Achilles,

116 3754 122 3760 .
161 3707 223 3764 Aut
236 3707 358 3767 multbm
371 3710 504 3783 quesitus
518 3710 608 3784 Hylas
621 3729 778 3786 urnamque
792 3724 915 3771 secutus.

160 3784 240 3846 Ense
254 3787 331 3846 velut
343 3787 442 3848 stricto
454 3788 565 3864 quoties
578 3788 707 3847 Lucilius
722 3793 825 3848 ardens
