<?xml version="1.0" encoding="UTF-8"?>
<!DOCTYPE html PUBLIC "-//W3C//DTD XHTML 1.0 Transitional//EN"
    "http://www.w3.org/TR/xhtml1/DTD/xhtml1-transitional.dtd">
<html xmlns="http://www.w3.org/1999/xhtml" xml:lang="en" lang="en">
 <head>
  <title>
</title>
<meta http-equiv="Content-Type" content="text/html;charset=utf-8" />
  <meta name='ocr-system' content='tesseract 3.04.00' />
  <meta name='ocr-capabilities' content='ocr_page ocr_carea ocr_par ocr_line ocrx_word'/>
</head>
<body>
  <div class='ocr_page' id='page_1' title='image "./decimijuniijuve02levegoog_0088.png"; bbox 0 0 2494 4274; ppageno 0'>
   <div class='ocr_carea' id='block_1_1' title="bbox 84 217 875 440">
    <p class='ocr_par' dir='ltr' id='par_1_1' title="bbox 84 217 875 440">
     <span class='ocr_line' id='line_1_1' title="bbox 477 217 694 272; baseline 0 -2"><span class='ocrx_word' id='word_1_1' title='bbox 477 219 601 272; x_wconf 66' lang='lat' dir='ltr'>sturni</span> <span class='ocrx_word' id='word_1_2' title='bbox 618 217 694 272; x_wconf 79' lang='lat' dir='ltr'><strong>XIV.</strong></span> 
     </span>
     <span class='ocr_line' id='line_1_2' title="bbox 84 359 875 440; baseline 0.004 -20"><span class='ocrx_word' id='word_1_3' title='bbox 84 359 200 422; x_wconf 86' lang='lat' dir='ltr'>Patrem</span> <span class='ocrx_word' id='word_1_4' title='bbox 214 362 318 439; x_wconf 87' lang='lat' dir='ltr'>ipsum,</span> <span class='ocrx_word' id='word_1_5' title='bbox 332 359 499 437; x_wconf 66' lang='lat' dir='ltr'>turbamus</span> <span class='ocrx_word' id='word_1_6' title='bbox 513 379 599 433; x_wconf 73' lang='lat' dir='ltr'>cese,</span> <span class='ocrx_word' id='word_1_7' title='bbox 612 362 669 438; x_wconf 70' lang='lat' dir='ltr'>qui</span> <span class='ocrx_word' id='word_1_8' title='bbox 683 362 750 422; x_wconf 69' lang='lat' dir='ltr'>ssu</span> <span class='ocrx_word' id='word_1_9' title='bbox 760 362 875 440; x_wconf 71' lang='lat' dir='ltr'>jeuebm</span> 
     </span>
    </p>
   </div>
   <div class='ocr_carea' id='block_1_2' title="bbox 74 439 1080 3345">
    <p class='ocr_par' dir='ltr' id='par_1_2' title="bbox 74 439 1080 3345">
     <span class='ocr_line' id='line_1_3' title="bbox 85 439 737 515; baseline 0 -15"><span class='ocrx_word' id='word_1_10' title='bbox 85 441 174 514; x_wconf 84' lang='lat' dir='ltr'>Uxor,</span> <span class='ocrx_word' id='word_1_11' title='bbox 187 452 218 501; x_wconf 92' lang='lat' dir='ltr'>et</span> <span class='ocrx_word' id='word_1_12' title='bbox 231 441 355 498; x_wconf 86' lang='lat' dir='ltr'>infantes</span> <span class='ocrx_word' id='word_1_13' title='bbox 368 439 506 498; x_wconf 87' lang='lat' dir='ltr'>ludebant</span> <span class='ocrx_word' id='word_1_14' title='bbox 518 451 647 515; x_wconf 88' lang='lat' dir='ltr'>quatuor,</span> <span class='ocrx_word' id='word_1_15' title='bbox 661 460 737 500; x_wconf 89' lang='lat' dir='ltr'>unus</span> 
     </span>
     <span class='ocr_line' id='line_1_4' title="bbox 84 518 907 595; baseline 0 -17"><span class='ocrx_word' id='word_1_16' title='bbox 84 520 227 591; x_wconf 86' lang='lat' dir='ltr'>Vemula,</span> <span class='ocrx_word' id='word_1_17' title='bbox 241 530 298 576; x_wconf 89' lang='lat' dir='ltr'>tres</span> <span class='ocrx_word' id='word_1_18' title='bbox 311 518 435 576; x_wconf 86' lang='lat' dir='ltr'>domini:</span> <span class='ocrx_word' id='word_1_19' title='bbox 457 519 507 578; x_wconf 88' lang='lat' dir='ltr'>sed</span> <span class='ocrx_word' id='word_1_20' title='bbox 521 519 632 595; x_wconf 86' lang='lat' dir='ltr'>magnis</span> <span class='ocrx_word' id='word_1_21' title='bbox 646 519 778 580; x_wconf 73' lang='lat' dir='ltr'>sranius</span> <span class='ocrx_word' id='word_1_22' title='bbox 791 519 907 595; x_wconf 75' lang='lat' dir='ltr'>bonam,</span> 
     </span>
     <span class='ocr_line' id='line_1_5' title="bbox 84 597 1080 669; baseline 0.006 -14"><span class='ocrx_word' id='word_1_23' title='bbox 84 599 111 655; x_wconf 83' lang='lat' dir='ltr'>A</span> <span class='ocrx_word' id='word_1_24' title='bbox 128 599 232 656; x_wconf 86' lang='lat' dir='ltr'>scrobe</span> <span class='ocrx_word' id='word_1_25' title='bbox 246 597 288 654; x_wconf 88' lang='lat' dir='ltr'>vel</span> <span class='ocrx_word' id='word_1_26' title='bbox 303 597 383 656; x_wconf 88' lang='lat' dir='ltr'>sulco</span> <span class='ocrx_word' id='word_1_27' title='bbox 397 597 592 669; x_wconf 85' lang='lat' dir='ltr'>redeuntibus,</span> <span class='ocrx_word' id='word_1_28' title='bbox 607 597 694 656; x_wconf 86' lang='lat' dir='ltr'>altera</span> <span class='ocrx_word' id='word_1_29' title='bbox 706 617 792 658; x_wconf 81' lang='lat' dir='ltr'>eoeua</span> <span class='ocrx_word' id='word_1_30' title='bbox 1023 601 1080 661; x_wconf 81' lang='lat'>17⁰</span> 
     </span>
     <span class='ocr_line' id='line_1_6' title="bbox 85 675 781 754; baseline 0 -20"><span class='ocrx_word' id='word_1_31' title='bbox 85 677 217 754; x_wconf 78' lang='lat' dir='ltr'>Amplior</span> <span class='ocrx_word' id='word_1_32' title='bbox 231 686 261 733; x_wconf 89' lang='lat' dir='ltr'>et</span> <span class='ocrx_word' id='word_1_33' title='bbox 273 677 397 751; x_wconf 79' lang='lat' dir='ltr'>grandes</span> <span class='ocrx_word' id='word_1_34' title='bbox 411 675 558 734; x_wconf 78' lang='lat' dir='ltr'><strong>fumabant</strong></span> <span class='ocrx_word' id='word_1_35' title='bbox 570 675 696 752; x_wconf 90' lang='lat' dir='ltr'>pultibus</span> <span class='ocrx_word' id='word_1_36' title='bbox 708 677 781 736; x_wconf 71' lang='lat' dir='ltr'>ollae.</span> 
     </span>
     <span class='ocr_line' id='line_1_7' title="bbox 84 753 833 830; baseline 0.003 -18"><span class='ocrx_word' id='word_1_37' title='bbox 84 755 176 812; x_wconf 89' lang='lat' dir='ltr'>Nunc</span> <span class='ocrx_word' id='word_1_38' title='bbox 190 755 292 812; x_wconf 88' lang='lat' dir='ltr'>modus</span> <span class='ocrx_word' id='word_1_39' title='bbox 306 754 354 812; x_wconf 90' lang='lat' dir='ltr'>hic</span> <span class='ocrx_word' id='word_1_40' title='bbox 369 753 429 830; x_wconf 85' lang='lat' dir='ltr'>egri</span> <span class='ocrx_word' id='word_1_41' title='bbox 443 765 540 814; x_wconf 91' lang='lat' dir='ltr'>nostro</span> <span class='ocrx_word' id='word_1_42' title='bbox 553 772 611 812; x_wconf 91' lang='lat' dir='ltr'>non</span> <span class='ocrx_word' id='word_1_43' title='bbox 625 754 729 812; x_wconf 88' lang='lat' dir='ltr'>sufficit</span> <span class='ocrx_word' id='word_1_44' title='bbox 744 756 833 816; x_wconf 87' lang='lat' dir='ltr'>burto.</span> 
     </span>
     <span class='ocr_line' id='line_1_8' title="bbox 83 830 797 908; baseline 0.008 -18"><span class='ocrx_word' id='word_1_45' title='bbox 83 832 160 892; x_wconf 74' lang='lat' dir='ltr'>lude</span> <span class='ocrx_word' id='word_1_46' title='bbox 177 830 236 891; x_wconf 73' lang='lat' dir='ltr'>fere</span> <span class='ocrx_word' id='word_1_47' title='bbox 252 831 392 890; x_wconf 87' lang='lat' dir='ltr'>scelerum</span> <span class='ocrx_word' id='word_1_48' title='bbox 404 851 508 904; x_wconf 71' lang='lat' dir='ltr'>musae,</span> <span class='ocrx_word' id='word_1_49' title='bbox 523 851 579 890; x_wconf 88' lang='lat' dir='ltr'>nec</span> <span class='ocrx_word' id='word_1_50' title='bbox 592 833 674 908; x_wconf 88' lang='lat' dir='ltr'>plura</span> <span class='ocrx_word' id='word_1_51' title='bbox 687 852 797 896; x_wconf 75' lang='lat' dir='ltr'>venena</span> 
     </span>
     <span class='ocr_line' id='line_1_9' title="bbox 84 909 742 988; baseline 0.003 -20"><span class='ocrx_word' id='word_1_52' title='bbox 84 911 215 984; x_wconf 81' lang='lat' dir='ltr'>Miscuit,</span> <span class='ocrx_word' id='word_1_53' title='bbox 230 923 279 970; x_wconf 86' lang='lat' dir='ltr'>aut</span> <span class='ocrx_word' id='word_1_54' title='bbox 293 910 366 970; x_wconf 87' lang='lat' dir='ltr'>ferro</span> <span class='ocrx_word' id='word_1_55' title='bbox 378 923 521 987; x_wconf 72' lang='lat' dir='ltr'>grassatur</span> <span class='ocrx_word' id='word_1_56' title='bbox 535 909 639 988; x_wconf 80' lang='lat' dir='ltr'>smpiirs</span> <span class='ocrx_word' id='word_1_57' title='bbox 653 911 742 970; x_wconf 92' lang='lat' dir='ltr'>ullum</span> 
     </span>
     <span class='ocr_line' id='line_1_10' title="bbox 83 987 1078 1067; baseline 0.004 -19"><span class='ocrx_word' id='word_1_58' title='bbox 83 991 231 1048; x_wconf 74' lang='lat' dir='ltr'>Humana</span> <span class='ocrx_word' id='word_1_59' title='bbox 248 990 351 1048; x_wconf 89' lang='lat' dir='ltr'>mentis</span> <span class='ocrx_word' id='word_1_60' title='bbox 365 990 473 1062; x_wconf 84' lang='lat' dir='ltr'>vitium,</span> <span class='ocrx_word' id='word_1_61' title='bbox 486 987 572 1066; x_wconf 76' lang='lat' dir='ltr'>quim</span> <span class='ocrx_word' id='word_1_62' title='bbox 590 1009 664 1048; x_wconf 77' lang='lat' dir='ltr'>seva</span> <span class='ocrx_word' id='word_1_63' title='bbox 677 991 783 1067; x_wconf 86' lang='lat' dir='ltr'>cupido</span> <span class='ocrx_word' id='word_1_64' title='bbox 1020 995 1078 1056; x_wconf 82' lang='grc'>175</span> 
     </span>
     <span class='ocr_line' id='line_1_11' title="bbox 83 1068 758 1144; baseline 0.003 -18"><span class='ocrx_word' id='word_1_65' title='bbox 83 1069 223 1128; x_wconf 88' lang='lat' dir='ltr'>Indomiti</span> <span class='ocrx_word' id='word_1_66' title='bbox 237 1068 358 1126; x_wconf 83' lang='lat' dir='ltr'>ceneris:</span> <span class='ocrx_word' id='word_1_67' title='bbox 380 1087 446 1126; x_wconf 87' lang='lat' dir='ltr'>narn</span> <span class='ocrx_word' id='word_1_68' title='bbox 460 1069 539 1128; x_wconf 84' lang='lat' dir='ltr'>dives</span> <span class='ocrx_word' id='word_1_69' title='bbox 551 1068 599 1144; x_wconf 92' lang='lat' dir='ltr'>qui</span> <span class='ocrx_word' id='word_1_70' title='bbox 613 1068 674 1127; x_wconf 88' lang='lat' dir='ltr'>fieri</span> <span class='ocrx_word' id='word_1_71' title='bbox 689 1070 758 1144; x_wconf 83' lang='lat' dir='ltr'>vult,</span> 
     </span>
     <span class='ocr_line' id='line_1_12' title="bbox 82 1145 814 1224; baseline 0.003 -19"><span class='ocrx_word' id='word_1_72' title='bbox 82 1149 122 1205; x_wconf 85' lang='lat' dir='ltr'>Et</span> <span class='ocrx_word' id='word_1_73' title='bbox 135 1145 195 1206; x_wconf 86' lang='lat' dir='ltr'>citb</span> <span class='ocrx_word' id='word_1_74' title='bbox 210 1147 269 1206; x_wconf 82' lang='lat' dir='ltr'>vult</span> <span class='ocrx_word' id='word_1_75' title='bbox 281 1147 351 1208; x_wconf 85' lang='lat' dir='ltr'>fieri.</span> <span class='ocrx_word' id='word_1_76' title='bbox 392 1148 451 1206; x_wconf 88' lang='lat' dir='ltr'>Sed</span> <span class='ocrx_word' id='word_1_77' title='bbox 464 1165 527 1222; x_wconf 77' lang='lat' dir='ltr'>qua</span> <span class='ocrx_word' id='word_1_78' title='bbox 540 1148 696 1206; x_wconf 79' lang='lat' dir='ltr'>reverentia</span> <span class='ocrx_word' id='word_1_79' title='bbox 708 1149 814 1224; x_wconf 88' lang='lat' dir='ltr'>legum,</span> 
     </span>
     <span class='ocr_line' id='line_1_13' title="bbox 81 1226 931 1304; baseline 0 -16"><span class='ocrx_word' id='word_1_80' title='bbox 81 1227 162 1288; x_wconf 77' lang='lat' dir='ltr'>Quis</span> <span class='ocrx_word' id='word_1_81' title='bbox 176 1237 270 1284; x_wconf 89' lang='lat' dir='ltr'>metus</span> <span class='ocrx_word' id='word_1_82' title='bbox 283 1237 332 1286; x_wconf 85' lang='lat' dir='ltr'>aut</span> <span class='ocrx_word' id='word_1_83' title='bbox 345 1226 435 1303; x_wconf 87' lang='lat' dir='ltr'>pudor</span> <span class='ocrx_word' id='word_1_84' title='bbox 448 1236 492 1286; x_wconf 89' lang='lat' dir='ltr'>est</span> <span class='ocrx_word' id='word_1_85' title='bbox 505 1244 631 1302; x_wconf 86' lang='lat' dir='ltr'>unquam</span> <span class='ocrx_word' id='word_1_86' title='bbox 644 1228 818 1304; x_wconf 84' lang='lat' dir='ltr'>properantis</span> <span class='ocrx_word' id='word_1_87' title='bbox 831 1229 931 1290; x_wconf 82' lang='lat' dir='ltr'>ararit</span> 
     </span>
     <span class='ocr_line' id='line_1_14' title="bbox 82 1304 702 1378; baseline 0.003 -16"><span class='ocrx_word' id='word_1_88' title='bbox 82 1304 181 1362; x_wconf 72' lang='lat' dir='ltr'>Viuite</span> <span class='ocrx_word' id='word_1_89' title='bbox 194 1304 322 1363; x_wconf 83' lang='lat' dir='ltr'>contenti</span> <span class='ocrx_word' id='word_1_90' title='bbox 336 1304 441 1364; x_wconf 88' lang='lat' dir='ltr'>casulis</span> <span class='ocrx_word' id='word_1_91' title='bbox 454 1316 483 1366; x_wconf 89' lang='lat' dir='ltr'>et</span> <span class='ocrx_word' id='word_1_92' title='bbox 496 1305 617 1364; x_wconf 87' lang='lat' dir='ltr'>collibus</span> <span class='ocrx_word' id='word_1_93' title='bbox 630 1305 702 1378; x_wconf 86' lang='lat' dir='ltr'>istis,</span> 
     </span>
     <span class='ocr_line' id='line_1_15' title="bbox 82 1381 1079 1460; baseline 0.002 -19"><span class='ocrx_word' id='word_1_94' title='bbox 82 1383 113 1441; x_wconf 94' lang='grc' dir='ltr'>Ο</span> <span class='ocrx_word' id='word_1_95' title='bbox 126 1383 219 1460; x_wconf 89' lang='lat' dir='ltr'>pueri,</span> <span class='ocrx_word' id='word_1_96' title='bbox 234 1381 347 1444; x_wconf 71' lang='lat' dir='ltr'>Moru</span> <span class='ocrx_word' id='word_1_97' title='bbox 361 1383 476 1442; x_wconf 80' lang='lat' dir='ltr'>dicebat</span> <span class='ocrx_word' id='word_1_98' title='bbox 488 1394 518 1442; x_wconf 87' lang='lat' dir='ltr'>et</span> <span class='ocrx_word' id='word_1_99' title='bbox 531 1383 676 1441; x_wconf 76' lang='lat' dir='ltr'>Hernicus</span> <span class='ocrx_word' id='word_1_100' title='bbox 688 1384 756 1444; x_wconf 85' lang='lat' dir='ltr'>elim</span> <span class='ocrx_word' id='word_1_101' title='bbox 1020 1387 1079 1448; x_wconf 76' lang='lat'>18⁰</span> 
     </span>
     <span class='ocr_line' id='line_1_16' title="bbox 82 1462 813 1538; baseline 0.001 -19"><span class='ocrx_word' id='word_1_102' title='bbox 82 1462 279 1537; x_wconf 71' lang='lat' dir='ltr'>Vestinusque</span> <span class='ocrx_word' id='word_1_103' title='bbox 291 1481 398 1531; x_wconf 84' lang='lat' dir='ltr'>seuex;</span> <span class='ocrx_word' id='word_1_104' title='bbox 419 1480 522 1538; x_wconf 85' lang='lat' dir='ltr'>panem</span> <span class='ocrx_word' id='word_1_105' title='bbox 536 1479 695 1536; x_wconf 74' lang='lat' dir='ltr'>queramus</span> <span class='ocrx_word' id='word_1_106' title='bbox 708 1472 813 1534; x_wconf 84' lang='lat' dir='ltr'>aratro,</span> 
     </span>
     <span class='ocr_line' id='line_1_17' title="bbox 82 1537 869 1614; baseline -0.003 -12"><span class='ocrx_word' id='word_1_107' title='bbox 82 1540 147 1602; x_wconf 76' lang='lat' dir='ltr'>Qui</span> <span class='ocrx_word' id='word_1_108' title='bbox 162 1537 233 1599; x_wconf 81' lang='lat' dir='ltr'>satis</span> <span class='ocrx_word' id='word_1_109' title='bbox 246 1551 290 1598; x_wconf 89' lang='lat' dir='ltr'>est</span> <span class='ocrx_word' id='word_1_110' title='bbox 302 1539 411 1600; x_wconf 86' lang='lat' dir='ltr'>mensis</span> <span class='ocrx_word' id='word_1_111' title='bbox 425 1558 431 1596; x_wconf 91' lang='lat'>:</span> <span class='ocrx_word' id='word_1_112' title='bbox 452 1539 571 1599; x_wconf 78' lang='lat' dir='ltr'>laudant</span> <span class='ocrx_word' id='word_1_113' title='bbox 584 1540 639 1600; x_wconf 86' lang='lat' dir='ltr'>hee</span> <span class='ocrx_word' id='word_1_114' title='bbox 653 1538 772 1598; x_wconf 89' lang='lat' dir='ltr'>numina</span> <span class='ocrx_word' id='word_1_115' title='bbox 784 1540 869 1614; x_wconf 83' lang='lat' dir='ltr'>ruris,</span> 
     </span>
     <span class='ocr_line' id='line_1_18' title="bbox 83 1618 871 1696; baseline 0.001 -16"><span class='ocrx_word' id='word_1_116' title='bbox 83 1620 220 1680; x_wconf 81' lang='lat' dir='ltr'>Quorum</span> <span class='ocrx_word' id='word_1_117' title='bbox 233 1638 288 1695; x_wconf 89' lang='lat' dir='ltr'>ope</span> <span class='ocrx_word' id='word_1_118' title='bbox 301 1629 331 1677; x_wconf 89' lang='lat' dir='ltr'>et</span> <span class='ocrx_word' id='word_1_119' title='bbox 344 1618 459 1691; x_wconf 85' lang='lat' dir='ltr'>auxilio,</span> <span class='ocrx_word' id='word_1_120' title='bbox 472 1630 560 1696; x_wconf 77' lang='lat' dir='ltr'>grate</span> <span class='ocrx_word' id='word_1_121' title='bbox 574 1629 636 1694; x_wconf 87' lang='lat' dir='ltr'>post</span> <span class='ocrx_word' id='word_1_122' title='bbox 649 1637 755 1678; x_wconf 87' lang='lat' dir='ltr'>munus</span> <span class='ocrx_word' id='word_1_123' title='bbox 768 1618 871 1693; x_wconf 78' lang='lat' dir='ltr'>ariste,</span> 
     </span>
     <span class='ocr_line' id='line_1_19' title="bbox 83 1696 773 1774; baseline 0.001 -19"><span class='ocrx_word' id='word_1_124' title='bbox 83 1697 266 1774; x_wconf 86' lang='lat' dir='ltr'>Contingunt</span> <span class='ocrx_word' id='word_1_125' title='bbox 279 1698 386 1756; x_wconf 89' lang='lat' dir='ltr'>bomini</span> <span class='ocrx_word' id='word_1_126' title='bbox 401 1697 503 1756; x_wconf 88' lang='lat' dir='ltr'>veteris</span> <span class='ocrx_word' id='word_1_127' title='bbox 517 1697 630 1756; x_wconf 86' lang='lat' dir='ltr'>fastidia</span> <span class='ocrx_word' id='word_1_128' title='bbox 641 1696 773 1772; x_wconf 76' lang='lat' dir='ltr'>querelis.</span> 
     </span>
     <span class='ocr_line' id='line_1_20' title="bbox 83 1775 1076 1853; baseline 0.007 -21"><span class='ocrx_word' id='word_1_129' title='bbox 83 1776 134 1835; x_wconf 90' lang='lat' dir='ltr'>Nil</span> <span class='ocrx_word' id='word_1_130' title='bbox 150 1777 270 1834; x_wconf 85' lang='lat' dir='ltr'>vetitum</span> <span class='ocrx_word' id='word_1_131' title='bbox 285 1776 385 1835; x_wconf 89' lang='lat' dir='ltr'>secisse</span> <span class='ocrx_word' id='word_1_132' title='bbox 397 1775 480 1848; x_wconf 85' lang='lat' dir='ltr'>volet,</span> <span class='ocrx_word' id='word_1_133' title='bbox 491 1795 575 1852; x_wconf 87' lang='lat' dir='ltr'>quem</span> <span class='ocrx_word' id='word_1_134' title='bbox 589 1795 648 1834; x_wconf 92' lang='lat' dir='ltr'>non</span> <span class='ocrx_word' id='word_1_135' title='bbox 662 1776 749 1853; x_wconf 87' lang='lat' dir='ltr'>pudet</span> <span class='ocrx_word' id='word_1_136' title='bbox 762 1775 819 1836; x_wconf 85' lang='lat' dir='ltr'>alto</span> <span class='ocrx_word' id='word_1_137' title='bbox 1017 1777 1076 1840; x_wconf 77' lang='lat'>185</span> 
     </span>
     <span class='ocr_line' id='line_1_21' title="bbox 83 1854 826 1931; baseline 0.004 -18"><span class='ocrx_word' id='word_1_138' title='bbox 83 1854 139 1913; x_wconf 89' lang='lat' dir='ltr'>Per</span> <span class='ocrx_word' id='word_1_139' title='bbox 173 1855 276 1914; x_wconf 90' lang='lat' dir='ltr'>laciem</span> <span class='ocrx_word' id='word_1_140' title='bbox 291 1874 396 1931; x_wconf 82' lang='lat' dir='ltr'>perone</span> <span class='ocrx_word' id='word_1_141' title='bbox 410 1854 487 1931; x_wconf 86' lang='lat' dir='ltr'>tegi;</span> <span class='ocrx_word' id='word_1_142' title='bbox 508 1855 556 1929; x_wconf 90' lang='lat' dir='ltr'>qui</span> <span class='ocrx_word' id='word_1_143' title='bbox 570 1855 719 1915; x_wconf 87' lang='lat' dir='ltr'>submovet</span> <span class='ocrx_word' id='word_1_144' title='bbox 731 1854 826 1916; x_wconf 86' lang='lat' dir='ltr'>Euros</span> 
     </span>
     <span class='ocr_line' id='line_1_22' title="bbox 83 1875 810 2010; baseline 0.003 -20"><span class='ocrx_word' id='word_1_145' title='bbox 83 1875 211 1992; x_wconf 65' lang='lat' dir='ltr'>Pellibus</span> <span class='ocrx_word' id='word_1_146' title='bbox 225 1934 351 1992; x_wconf 87' lang='lat' dir='ltr'>inversis.</span> <span class='ocrx_word' id='word_1_147' title='bbox 394 1933 547 2010; x_wconf 77' lang='lat' dir='ltr'>Peregrina</span> <span class='ocrx_word' id='word_1_148' title='bbox 560 1934 712 2008; x_wconf 90' lang='lat' dir='ltr'>ignotaque</span> <span class='ocrx_word' id='word_1_149' title='bbox 727 1935 810 1992; x_wconf 90' lang='lat' dir='ltr'>nobis</span> 
     </span>
     <span class='ocr_line' id='line_1_23' title="bbox 82 2012 943 2088; baseline 0.005 -19"><span class='ocrx_word' id='word_1_150' title='bbox 82 2012 132 2070; x_wconf 88' lang='lat' dir='ltr'>Ad</span> <span class='ocrx_word' id='word_1_151' title='bbox 147 2013 242 2070; x_wconf 90' lang='lat' dir='ltr'>scelus</span> <span class='ocrx_word' id='word_1_152' title='bbox 257 2023 339 2087; x_wconf 89' lang='lat' dir='ltr'>atque</span> <span class='ocrx_word' id='word_1_153' title='bbox 354 2012 450 2083; x_wconf 85' lang='lat' dir='ltr'>nesae,</span> <span class='ocrx_word' id='word_1_154' title='bbox 459 2029 637 2086; x_wconf 77' lang='lat' dir='ltr'>quaecunque</span> <span class='ocrx_word' id='word_1_155' title='bbox 651 2023 704 2084; x_wconf 89' lang='lat' dir='ltr'>est,</span> <span class='ocrx_word' id='word_1_156' title='bbox 717 2029 841 2088; x_wconf 85' lang='lat' dir='ltr'>purpure</span> <span class='ocrx_word' id='word_1_157' title='bbox 853 2012 943 2074; x_wconf 83' lang='lat' dir='ltr'>ducit.</span> 
     </span>
     <span class='ocr_line' id='line_1_24' title="bbox 123 2089 865 2166; baseline 0.007 -18"><span class='ocrx_word' id='word_1_158' title='bbox 123 2090 198 2148; x_wconf 73' lang='lat' dir='ltr'>Haec</span> <span class='ocrx_word' id='word_1_159' title='bbox 213 2092 254 2150; x_wconf 93' lang='lat' dir='ltr'>illi</span> <span class='ocrx_word' id='word_1_160' title='bbox 268 2102 377 2148; x_wconf 90' lang='lat' dir='ltr'>veteres</span> <span class='ocrx_word' id='word_1_161' title='bbox 389 2101 531 2166; x_wconf 76' lang='lat' dir='ltr'>precepta</span> <span class='ocrx_word' id='word_1_162' title='bbox 544 2089 721 2148; x_wconf 87' lang='lat' dir='ltr'>minoribus:</span> <span class='ocrx_word' id='word_1_163' title='bbox 742 2100 771 2149; x_wconf 89' lang='lat' dir='ltr'>at</span> <span class='ocrx_word' id='word_1_164' title='bbox 785 2109 865 2153; x_wconf 73' lang='lat' dir='ltr'>nuno</span> 
     </span>
     <span class='ocr_line' id='line_1_25' title="bbox 82 2169 1076 2246; baseline 0.007 -20"><span class='ocrx_word' id='word_1_165' title='bbox 82 2169 153 2227; x_wconf 86' lang='lat' dir='ltr'>Post</span> <span class='ocrx_word' id='word_1_166' title='bbox 165 2169 252 2228; x_wconf 85' lang='lat' dir='ltr'>finem</span> <span class='ocrx_word' id='word_1_167' title='bbox 266 2169 394 2228; x_wconf 83' lang='lat' dir='ltr'>autumni</span> <span class='ocrx_word' id='word_1_168' title='bbox 409 2169 504 2228; x_wconf 74' lang='lat' dir='ltr'>medii</span> <span class='ocrx_word' id='word_1_169' title='bbox 517 2169 553 2226; x_wconf 90' lang='lat' dir='ltr'>de</span> <span class='ocrx_word' id='word_1_170' title='bbox 567 2180 651 2227; x_wconf 88' lang='lat' dir='ltr'>necte</span> <span class='ocrx_word' id='word_1_171' title='bbox 664 2169 799 2246; x_wconf 90' lang='lat' dir='ltr'>supinum</span> <span class='ocrx_word' id='word_1_172' title='bbox 1018 2171 1076 2233; x_wconf 77' lang='lat'>19⁰</span> 
     </span>
     <span class='ocr_line' id='line_1_26' title="bbox 82 2247 843 2325; baseline 0.005 -21"><span class='ocrx_word' id='word_1_173' title='bbox 82 2247 235 2308; x_wconf 78' lang='lat' dir='ltr'>clamosus</span> <span class='ocrx_word' id='word_1_174' title='bbox 245 2249 380 2325; x_wconf 89' lang='lat' dir='ltr'>juvenem</span> <span class='ocrx_word' id='word_1_175' title='bbox 393 2259 472 2324; x_wconf 88' lang='lat' dir='ltr'>pater</span> <span class='ocrx_word' id='word_1_176' title='bbox 484 2248 589 2306; x_wconf 85' lang='lat' dir='ltr'>excitet</span> <span class='ocrx_word' id='word_1_177' title='bbox 601 2267 608 2305; x_wconf 83' lang='lat'>2</span> <span class='ocrx_word' id='word_1_178' title='bbox 629 2249 739 2325; x_wconf 84' lang='lat' dir='ltr'>Accipe</span> <span class='ocrx_word' id='word_1_179' title='bbox 753 2267 843 2320; x_wconf 18' lang='lat' dir='ltr'>ceras,</span> 
     </span>
     <span class='ocr_line' id='line_1_27' title="bbox 83 2325 833 2404; baseline 0.003 -20"><span class='ocrx_word' id='word_1_180' title='bbox 83 2325 197 2399; x_wconf 87' lang='lat' dir='ltr'>Scribe,</span> <span class='ocrx_word' id='word_1_181' title='bbox 211 2347 292 2403; x_wconf 90' lang='lat' dir='ltr'>puer,</span> <span class='ocrx_word' id='word_1_182' title='bbox 306 2327 399 2403; x_wconf 86' lang='lat' dir='ltr'>vigila,</span> <span class='ocrx_word' id='word_1_183' title='bbox 413 2345 515 2384; x_wconf 89' lang='lat' dir='ltr'>causas</span> <span class='ocrx_word' id='word_1_184' title='bbox 529 2346 592 2402; x_wconf 87' lang='lat' dir='ltr'>ege,</span> <span class='ocrx_word' id='word_1_185' title='bbox 605 2327 721 2404; x_wconf 79' lang='lat' dir='ltr'>perlege</span> <span class='ocrx_word' id='word_1_186' title='bbox 734 2327 833 2386; x_wconf 88' lang='lat' dir='ltr'>rubras</span> 
     </span>
     <span class='ocr_line' id='line_1_28' title="bbox 82 2403 707 2482; baseline 0.002 -21"><span class='ocrx_word' id='word_1_187' title='bbox 82 2404 229 2482; x_wconf 83' lang='lat' dir='ltr'>blajorum</span> <span class='ocrx_word' id='word_1_188' title='bbox 242 2406 331 2481; x_wconf 73' lang='lat' dir='ltr'>legeS,</span> <span class='ocrx_word' id='word_1_189' title='bbox 345 2417 393 2464; x_wconf 91' lang='lat' dir='ltr'>aut</span> <span class='ocrx_word' id='word_1_190' title='bbox 407 2406 492 2464; x_wconf 86' lang='lat' dir='ltr'>vitem</span> <span class='ocrx_word' id='word_1_191' title='bbox 505 2423 591 2480; x_wconf 87' lang='lat' dir='ltr'>posca</span> <span class='ocrx_word' id='word_1_192' title='bbox 604 2403 707 2464; x_wconf 87' lang='lat' dir='ltr'>libello.</span> 
     </span>
     <span class='ocr_line' id='line_1_29' title="bbox 83 2483 753 2561; baseline -0.003 -19"><span class='ocrx_word' id='word_1_193' title='bbox 83 2485 143 2542; x_wconf 85' lang='lat' dir='ltr'>Sed</span> <span class='ocrx_word' id='word_1_194' title='bbox 157 2495 243 2561; x_wconf 85' lang='lat' dir='ltr'>caput</span> <span class='ocrx_word' id='word_1_195' title='bbox 257 2485 396 2542; x_wconf 87' lang='lat' dir='ltr'>intactum</span> <span class='ocrx_word' id='word_1_196' title='bbox 409 2484 486 2542; x_wconf 88' lang='lat' dir='ltr'>buxo</span> <span class='ocrx_word' id='word_1_197' title='bbox 498 2500 636 2556; x_wconf 82' lang='lat' dir='ltr'>naresque</span> <span class='ocrx_word' id='word_1_198' title='bbox 649 2483 753 2558; x_wconf 90' lang='lat' dir='ltr'>pilosas</span> 
     </span>
     <span class='ocr_line' id='line_1_30' title="bbox 82 2560 1078 2640; baseline 0.002 -21"><span class='ocrx_word' id='word_1_199' title='bbox 82 2563 224 2634; x_wconf 84' lang='lat' dir='ltr'>Annotet,</span> <span class='ocrx_word' id='word_1_200' title='bbox 239 2573 269 2620; x_wconf 89' lang='lat' dir='ltr'>et</span> <span class='ocrx_word' id='word_1_201' title='bbox 281 2563 404 2640; x_wconf 82' lang='lat' dir='ltr'>grandes</span> <span class='ocrx_word' id='word_1_202' title='bbox 417 2561 535 2620; x_wconf 88' lang='lat' dir='ltr'>miretur</span> <span class='ocrx_word' id='word_1_203' title='bbox 550 2560 657 2620; x_wconf 76' lang='lat' dir='ltr'>Latius</span> <span class='ocrx_word' id='word_1_204' title='bbox 670 2561 738 2618; x_wconf 88' lang='lat' dir='ltr'>alas.</span> <span class='ocrx_word' id='word_1_205' title='bbox 1019 2561 1078 2622; x_wconf 73' lang='lat'>19⁶</span> 
     </span>
     <span class='ocr_line' id='line_1_31' title="bbox 83 2637 824 2718; baseline 0.001 -20"><span class='ocrx_word' id='word_1_206' title='bbox 83 2639 176 2700; x_wconf 86' lang='lat' dir='ltr'>Dirue</span> <span class='ocrx_word' id='word_1_207' title='bbox 190 2639 357 2700; x_wconf 89' lang='lat' dir='ltr'>Maurorum</span> <span class='ocrx_word' id='word_1_208' title='bbox 372 2641 500 2718; x_wconf 79' lang='lat' dir='ltr'>attegias,</span> <span class='ocrx_word' id='word_1_209' title='bbox 514 2639 632 2700; x_wconf 86' lang='lat' dir='ltr'>castella</span> <span class='ocrx_word' id='word_1_210' title='bbox 645 2637 824 2716; x_wconf 73' lang='lat' dir='ltr'>Brigantum,</span> 
     </span>
     <span class='ocr_line' id='line_1_32' title="bbox 82 2719 824 2796; baseline 0.001 -19"><span class='ocrx_word' id='word_1_211' title='bbox 82 2719 122 2777; x_wconf 93' lang='lat' dir='ltr'>Ut</span> <span class='ocrx_word' id='word_1_212' title='bbox 136 2719 308 2796; x_wconf 79' lang='lat' dir='ltr'>locupletem</span> <span class='ocrx_word' id='word_1_213' title='bbox 321 2719 444 2794; x_wconf 90' lang='lat' dir='ltr'>aquilam</span> <span class='ocrx_word' id='word_1_214' title='bbox 457 2719 510 2778; x_wconf 89' lang='lat' dir='ltr'>tibi</span> <span class='ocrx_word' id='word_1_215' title='bbox 523 2719 717 2796; x_wconf 75' lang='lat' dir='ltr'>sexagesimus</span> <span class='ocrx_word' id='word_1_216' title='bbox 730 2737 824 2778; x_wconf 82' lang='lat' dir='ltr'>annus</span> 
     </span>
     <span class='ocr_line' id='line_1_33' title="bbox 83 2797 790 2874; baseline 0.006 -20"><span class='ocrx_word' id='word_1_217' title='bbox 83 2797 212 2868; x_wconf 86' lang='lat' dir='ltr'>Afferat;</span> <span class='ocrx_word' id='word_1_218' title='bbox 235 2809 293 2871; x_wconf 86' lang='lat' dir='ltr'>aut,</span> <span class='ocrx_word' id='word_1_219' title='bbox 306 2797 408 2874; x_wconf 88' lang='lat' dir='ltr'>longos</span> <span class='ocrx_word' id='word_1_220' title='bbox 420 2810 579 2858; x_wconf 86' lang='lat' dir='ltr'>castrorum</span> <span class='ocrx_word' id='word_1_221' title='bbox 593 2798 665 2858; x_wconf 86' lang='lat' dir='ltr'>ferre</span> <span class='ocrx_word' id='word_1_222' title='bbox 679 2798 790 2858; x_wconf 84' lang='lat' dir='ltr'>labores</span> 
     </span>
     <span class='ocr_line' id='line_1_34' title="bbox 84 2876 862 2953; baseline 0.005 -20"><span class='ocrx_word' id='word_1_223' title='bbox 84 2876 116 2934; x_wconf 85' lang='lat' dir='ltr'>Si</span> <span class='ocrx_word' id='word_1_224' title='bbox 130 2877 210 2952; x_wconf 90' lang='lat' dir='ltr'>piget</span> <span class='ocrx_word' id='word_1_225' title='bbox 224 2886 253 2934; x_wconf 89' lang='lat' dir='ltr'>et</span> <span class='ocrx_word' id='word_1_226' title='bbox 266 2876 409 2953; x_wconf 90' lang='lat' dir='ltr'>trepidum</span> <span class='ocrx_word' id='word_1_227' title='bbox 422 2878 534 2936; x_wconf 81' lang='lat' dir='ltr'>solvunt</span> <span class='ocrx_word' id='word_1_228' title='bbox 547 2877 598 2935; x_wconf 91' lang='lat' dir='ltr'>tibi</span> <span class='ocrx_word' id='word_1_229' title='bbox 612 2895 720 2936; x_wconf 90' lang='lat' dir='ltr'>cornua</span> <span class='ocrx_word' id='word_1_230' title='bbox 733 2886 862 2936; x_wconf 88' lang='lat' dir='ltr'>ventrem</span> 
     </span>
     <span class='ocr_line' id='line_1_35' title="bbox 74 2954 1076 3032; baseline 0.001 -17"><span class='ocrx_word' id='word_1_231' title='bbox 74 2954 161 3015; x_wconf 87' lang='lat' dir='ltr'>.Cum</span> <span class='ocrx_word' id='word_1_232' title='bbox 174 2955 252 3012; x_wconf 90' lang='lat' dir='ltr'>lituis</span> <span class='ocrx_word' id='word_1_233' title='bbox 265 2957 371 3028; x_wconf 86' lang='lat' dir='ltr'>audita,</span> <span class='ocrx_word' id='word_1_234' title='bbox 385 2973 478 3032; x_wconf 87' lang='lat' dir='ltr'>pares,</span> <span class='ocrx_word' id='word_1_235' title='bbox 492 2956 568 3030; x_wconf 82' lang='lat' dir='ltr'>quod</span> <span class='ocrx_word' id='word_1_236' title='bbox 582 2955 706 3012; x_wconf 87' lang='lat' dir='ltr'>vendere</span> <span class='ocrx_word' id='word_1_237' title='bbox 719 2955 814 3030; x_wconf 82' lang='lat' dir='ltr'>possis</span> <span class='ocrx_word' id='word_1_238' title='bbox 1015 2955 1076 3016; x_wconf 74' lang='lat'>2⁰⁰</span> 
     </span>
     <span class='ocr_line' id='line_1_36' title="bbox 83 3031 675 3105; baseline -0.005 -16"><span class='ocrx_word' id='word_1_239' title='bbox 83 3031 179 3092; x_wconf 87' lang='lat' dir='ltr'>Pluris</span> <span class='ocrx_word' id='word_1_240' title='bbox 192 3034 321 3105; x_wconf 88' lang='lat' dir='ltr'>dimidio,</span> <span class='ocrx_word' id='word_1_241' title='bbox 336 3052 390 3090; x_wconf 90' lang='lat' dir='ltr'>nec</span> <span class='ocrx_word' id='word_1_242' title='bbox 404 3043 434 3092; x_wconf 82' lang='lat' dir='ltr'>te</span> <span class='ocrx_word' id='word_1_243' title='bbox 446 3031 559 3090; x_wconf 83' lang='lat' dir='ltr'>fastidia</span> <span class='ocrx_word' id='word_1_244' title='bbox 571 3032 675 3088; x_wconf 88' lang='lat' dir='ltr'>mercis</span> 
     </span>
     <span class='ocr_line' id='line_1_37' title="bbox 83 3106 745 3185; baseline -0.009 -17"><span class='ocrx_word' id='word_1_245' title='bbox 83 3111 178 3170; x_wconf 84' lang='lat' dir='ltr'>Ullius</span> <span class='ocrx_word' id='word_1_246' title='bbox 192 3113 314 3171; x_wconf 90' lang='lat' dir='ltr'>subeant</span> <span class='ocrx_word' id='word_1_247' title='bbox 326 3111 494 3185; x_wconf 79' lang='lat' dir='ltr'>ablegandae</span> <span class='ocrx_word' id='word_1_248' title='bbox 508 3107 639 3164; x_wconf 85' lang='lat' dir='ltr'>Tiberim</span> <span class='ocrx_word' id='word_1_249' title='bbox 652 3106 745 3163; x_wconf 84' lang='lat' dir='ltr'>ultra:</span> 
     </span>
     <span class='ocr_line' id='line_1_38' title="bbox 83 3182 843 3268; baseline -0.005 -20"><span class='ocrx_word' id='word_1_250' title='bbox 83 3190 153 3248; x_wconf 88' lang='lat' dir='ltr'>Neu</span> <span class='ocrx_word' id='word_1_251' title='bbox 167 3191 267 3250; x_wconf 87' lang='lat' dir='ltr'>credas</span> <span class='ocrx_word' id='word_1_252' title='bbox 280 3188 447 3268; x_wconf 87' lang='lat' dir='ltr'>ponendum</span> <span class='ocrx_word' id='word_1_253' title='bbox 461 3184 567 3260; x_wconf 87' lang='lat' dir='ltr'>aliquid</span> <span class='ocrx_word' id='word_1_254' title='bbox 582 3183 757 3244; x_wconf 83' lang='lat' dir='ltr'>discriminis</span> <span class='ocrx_word' id='word_1_255' title='bbox 769 3182 843 3244; x_wconf 80' lang='lat' dir='ltr'>inter</span> 
     </span>
     <span class='ocr_line' id='line_1_39' title="bbox 84 3263 886 3345; baseline -0.002 -17"><span class='ocrx_word' id='word_1_256' title='bbox 84 3269 249 3345; x_wconf 87' lang='lat' dir='ltr'>Unguenta,</span> <span class='ocrx_word' id='word_1_257' title='bbox 263 3279 293 3330; x_wconf 89' lang='lat' dir='ltr'>et</span> <span class='ocrx_word' id='word_1_258' title='bbox 302 3268 421 3330; x_wconf 81' lang='lat' dir='ltr'>corium.</span> <span class='ocrx_word' id='word_1_259' title='bbox 462 3263 550 3328; x_wconf 85' lang='lat' dir='ltr'>Lucri</span> <span class='ocrx_word' id='word_1_260' title='bbox 564 3264 655 3325; x_wconf 90' lang='lat' dir='ltr'>bouus</span> <span class='ocrx_word' id='word_1_261' title='bbox 667 3275 711 3324; x_wconf 90' lang='lat' dir='ltr'>est</span> <span class='ocrx_word' id='word_1_262' title='bbox 722 3263 792 3325; x_wconf 90' lang='lat' dir='ltr'>odor</span> <span class='ocrx_word' id='word_1_263' title='bbox 804 3281 842 3326; x_wconf 78' lang='lat' dir='ltr'>sa</span> <span class='ocrx_word' id='word_1_264' title='bbox 853 3283 886 3326; x_wconf 86' lang='lat' dir='ltr'>re</span> 
     </span>
    </p>
   </div>
   <div class='ocr_carea' id='block_1_3' title="bbox 83 3342 1077 3814">
    <p class='ocr_par' dir='ltr' id='par_1_3' title="bbox 83 3342 1077 3505">
     <span class='ocr_line' id='line_1_40' title="bbox 83 3342 1077 3422; baseline -0.005 -13"><span class='ocrx_word' id='word_1_265' title='bbox 83 3347 233 3409; x_wconf 75' lang='lat' dir='ltr'>Qualibet.</span> <span class='ocrx_word' id='word_1_266' title='bbox 274 3347 328 3406; x_wconf 89' lang='lat' dir='ltr'>Illa</span> <span class='ocrx_word' id='word_1_267' title='bbox 340 3358 391 3408; x_wconf 92' lang='lat' dir='ltr'>tuo</span> <span class='ocrx_word' id='word_1_268' title='bbox 403 3343 545 3408; x_wconf 83' lang='lat' dir='ltr'>sententia</span> <span class='ocrx_word' id='word_1_269' title='bbox 558 3363 668 3422; x_wconf 85' lang='lat' dir='ltr'>semper</span> <span class='ocrx_word' id='word_1_270' title='bbox 683 3342 714 3404; x_wconf 89' lang='lat' dir='ltr'>iu</span> <span class='ocrx_word' id='word_1_271' title='bbox 727 3363 777 3404; x_wconf 91' lang='lat' dir='ltr'>ore</span> <span class='ocrx_word' id='word_1_272' title='bbox 1014 3343 1077 3404; x_wconf 66' lang='lat'>206</span> 
     </span>
     <span class='ocr_line' id='line_1_41' title="bbox 85 3424 785 3505; baseline -0.004 -21"><span class='ocrx_word' id='word_1_273' title='bbox 85 3426 232 3500; x_wconf 80' lang='lat' dir='ltr'>Versetur,</span> <span class='ocrx_word' id='word_1_274' title='bbox 247 3425 292 3485; x_wconf 86' lang='lat' dir='ltr'>dis</span> <span class='ocrx_word' id='word_1_275' title='bbox 305 3439 389 3504; x_wconf 88' lang='lat' dir='ltr'>atque</span> <span class='ocrx_word' id='word_1_276' title='bbox 403 3426 465 3505; x_wconf 91' lang='lat' dir='ltr'>ipso</span> <span class='ocrx_word' id='word_1_277' title='bbox 478 3424 550 3486; x_wconf 85' lang='lat' dir='ltr'>Jove</span> <span class='ocrx_word' id='word_1_278' title='bbox 563 3424 662 3502; x_wconf 84' lang='lat' dir='ltr'>digna,</span> <span class='ocrx_word' id='word_1_279' title='bbox 674 3428 785 3502; x_wconf 71' lang='lat' dir='ltr'>poete:</span> 
     </span>
    </p>

    <p class='ocr_par' dir='ltr' id='par_1_4' title="bbox 84 3501 850 3580">
     <span class='ocr_line' id='line_1_42' title="bbox 84 3501 850 3580; baseline -0.004 -17"><span class='ocrx_word' id='word_1_280' title='bbox 84 3504 169 3564; x_wconf 92' lang='lat' dir='ltr'>Unde</span> <span class='ocrx_word' id='word_1_281' title='bbox 183 3506 299 3576; x_wconf 88' lang='lat' dir='ltr'>habeas,</span> <span class='ocrx_word' id='word_1_282' title='bbox 312 3505 414 3579; x_wconf 75' lang='lat' dir='ltr'>quaerit</span> <span class='ocrx_word' id='word_1_283' title='bbox 426 3523 528 3575; x_wconf 87' lang='lat' dir='ltr'>nemn;</span> <span class='ocrx_word' id='word_1_284' title='bbox 550 3505 600 3562; x_wconf 88' lang='lat' dir='ltr'>sed</span> <span class='ocrx_word' id='word_1_285' title='bbox 613 3512 722 3580; x_wconf 89' lang='lat' dir='ltr'>oportet</span> <span class='ocrx_word' id='word_1_286' title='bbox 735 3501 850 3560; x_wconf 86' lang='lat' dir='ltr'>habere.</span> 
     </span>
    </p>

    <p class='ocr_par' dir='ltr' id='par_1_5' title="bbox 85 3580 828 3659">
     <span class='ocr_line' id='line_1_43' title="bbox 85 3580 828 3659; baseline -0.007 -18"><span class='ocrx_word' id='word_1_287' title='bbox 85 3583 152 3642; x_wconf 84' lang='lat' dir='ltr'>Hoc</span> <span class='ocrx_word' id='word_1_288' title='bbox 166 3594 325 3644; x_wconf 79' lang='lat' dir='ltr'>mensuum</span> <span class='ocrx_word' id='word_1_289' title='bbox 339 3584 439 3640; x_wconf 79' lang='lat' dir='ltr'>vetule</span> <span class='ocrx_word' id='word_1_290' title='bbox 451 3584 548 3659; x_wconf 88' lang='lat' dir='ltr'>pueris</span> <span class='ocrx_word' id='word_1_291' title='bbox 560 3580 724 3656; x_wconf 87' lang='lat' dir='ltr'>repentibus</span> <span class='ocrx_word' id='word_1_292' title='bbox 737 3596 828 3636; x_wconf 77' lang='lat' dir='ltr'>assa:</span> 
     </span>
    </p>

    <p class='ocr_par' dir='ltr' id='par_1_6' title="bbox 85 3655 811 3736">
     <span class='ocr_line' id='line_1_44' title="bbox 85 3655 811 3736; baseline -0.011 -16"><span class='ocrx_word' id='word_1_293' title='bbox 85 3661 152 3720; x_wconf 89' lang='lat' dir='ltr'>Hoc</span> <span class='ocrx_word' id='word_1_294' title='bbox 164 3663 280 3722; x_wconf 88' lang='lat' dir='ltr'>diseunt</span> <span class='ocrx_word' id='word_1_295' title='bbox 292 3677 392 3719; x_wconf 91' lang='lat' dir='ltr'>omnes</span> <span class='ocrx_word' id='word_1_296' title='bbox 405 3671 470 3718; x_wconf 86' lang='lat' dir='ltr'>ante</span> <span class='ocrx_word' id='word_1_297' title='bbox 485 3660 569 3736; x_wconf 87' lang='lat' dir='ltr'>alpha</span> <span class='ocrx_word' id='word_1_298' title='bbox 581 3669 611 3716; x_wconf 89' lang='lat' dir='ltr'>et</span> <span class='ocrx_word' id='word_1_299' title='bbox 623 3658 689 3716; x_wconf 89' lang='lat' dir='ltr'>beta</span> <span class='ocrx_word' id='word_1_300' title='bbox 700 3655 811 3733; x_wconf 78' lang='lat' dir='ltr'>puelle.</span> 
     </span>
    </p>

    <p class='ocr_par' dir='ltr' id='par_1_7' title="bbox 86 3737 880 3814">
     <span class='ocr_line' id='line_1_45' title="bbox 86 3737 880 3814; baseline -0.005 -14"><span class='ocrx_word' id='word_1_301' title='bbox 86 3741 209 3801; x_wconf 82' lang='lat' dir='ltr'>Talibus</span> <span class='ocrx_word' id='word_1_302' title='bbox 222 3743 380 3804; x_wconf 76' lang='lat' dir='ltr'>instantem</span> <span class='ocrx_word' id='word_1_303' title='bbox 391 3737 507 3800; x_wconf 86' lang='lat' dir='ltr'>monitis</span> <span class='ocrx_word' id='word_1_304' title='bbox 518 3754 718 3814; x_wconf 86' lang='lat' dir='ltr'>quemcunque</span> <span class='ocrx_word' id='word_1_305' title='bbox 731 3745 880 3813; x_wconf 86' lang='lat' dir='ltr'>parentem</span> 
     </span>
    </p>
   </div>
   <div class='ocr_carea' id='block_1_4' title="bbox 0 0 1253 4274">
    <p class='ocr_par' dir='ltr' id='par_1_8' title="bbox 0 0 1253 4274">
     <span class='ocr_line' id='line_1_46' title="bbox 0 0 1253 4274; baseline 0 0"><span class='ocrx_word' id='word_1_306' title='bbox 0 0 1253 4274; x_wconf 95' lang='lat' dir='ltr'> </span> 
     </span>
    </p>
   </div>
  </div>
 </body>
</html>
