2494 4274
438 255 450 273 ·
492 245 616 295 surim
632 245 690 296 xr..
1036 251 1069 310 cl

86 386 149 450 Qui
165 387 286 464 spatium
301 387 365 446 vite
380 397 538 447 extremum
553 389 628 446 inter
642 407 761 446 munera
773 399 860 465 ponet

86 464 219 538 Naturae,
234 467 282 541 qui
297 465 368 523 serre
383 476 469 541 queat
482 485 664 542 quoscunque
678 467 799 541 labores,
1014 467 1074 528 835

86 542 210 602 Nesciat
224 544 318 615 irasci,
332 545 429 620 cupiat
442 542 522 615 nibil,
536 557 565 602 et
578 547 701 621 potiores
739 551 742 556 '

86 620 225 680 Herculis
240 640 380 680 aerumnas
393 624 490 681 credat
501 640 643 698 saevosque
652 623 761 681 labores

86 699 127 756 Et
140 700 266 770 Venere,
282 711 310 757 et
324 702 423 772 coenis,
438 712 468 758 et
480 701 577 775 plume
591 701 785 776 Sardanapali.

88 776 228 849 Monstro,
242 779 317 853 quod
331 779 390 854 ipse
404 779 454 836 tibi
468 779 558 854 possis
571 779 656 836 dare:
678 780 779 838 semita
792 777 872 838 certe

86 853 267 930 Tranquille
280 876 330 932 per
345 858 474 915 virtutem
488 868 564 932 patet
578 858 663 916 unica
677 858 748 916 vitae.
1016 855 1075 916 340

87 930 211 989 Nullum
225 954 331 992 numen
345 936 442 1006 habes,
456 936 481 992 si
495 937 531 993 sit
544 936 712 1012 prudentia:
733 955 785 994 nos
799 947 838 1008 te,

86 1009 152 1068 Nos
166 1010 296 1085 facimus,
309 1011 445 1086 Formua,
458 1012 560 1086 Deam,
574 1013 701 1090 coeloque
713 1015 849 1074 locamus.

468 1405 625 1464 SATIRA
645 1405 700 1464 xl.

131 1560 269 1617 Arrrcns
284 1556 389 1616 eximie
404 1557 428 1616 si
441 1569 545 1630 eoenat,
557 1558 650 1618 lautus
663 1562 800 1630 habetur;

91 1639 122 1696 Si
138 1637 265 1708 Rutilus,
280 1637 405 1695 demens.
446 1635 527 1699 Quid
541 1637 617 1694 enim
631 1640 735 1715 majore
749 1640 892 1698 cachinno

90 1716 241 1792 Excipitur
254 1715 341 1792 vulgi,
354 1713 439 1791 qulm
454 1734 559 1792 pauper
573 1717 713 1792 Apiciusl
734 1717 837 1776 Omnis

91 1795 259 1865 Convictus,
273 1795 399 1866 thermae,
414 1795 558 1866 stationes,
571 1813 656 1853 omne
670 1797 809 1854 theatrum

92 1872 141 1930 De
153 1871 260 1929 Rutilo.
302 1871 376 1930 Nam
392 1874 461 1929 dum
475 1873 567 1929 valida
580 1891 614 1930 ac
625 1873 761 1947 juvenilia
776 1875 903 1932 membra
1054 1875 1075 1932 ὅ

91 1951 245 2008 Sufficiunt
258 1951 356 2025 galea,
370 1951 493 2023 dumque
508 1951 608 2008 ardent
620 1951 768 2026 sanguine,
783 1952 878 2023 fertur,

90 2029 122 2086 N
123 2049 161 2086 on
175 2040 295 2104 cogente
309 2028 435 2103 quidem,
449 2029 499 2085 sed
513 2047 568 2084 nec
581 2027 748 2103 prohibente
762 2027 884 2101 tribuno,

92 2109 257 2182 Scripturus
271 2107 358 2181 leges,
372 2117 401 2162 et
414 2105 493 2182 regia
506 2106 590 2163 ve'rba
604 2105 721 2164 lanistae.

92 2185 201 2243 Multos
214 2183 297 2261 porrd
313 2185 399 2256 vides,
413 2203 483 2259 quos
497 2182 572 2260 sape
587 2185 683 2244 elusus
697 2185 733 2242 ud
748 2185 839 2260 ipsum

91 2264 224 2321 Creditor
238 2263 383 2320 introitum
397 2264 468 2320 solet
481 2275 643 2338 exspectare
659 2262 780 2334 macelli,
1036 2263 1074 2322 1⁰

90 2342 130 2402 Et
143 2342 246 2416 quibus
261 2342 290 2398 in
304 2342 363 2398 solo
376 2341 488 2398 vivendi
502 2359 589 2398 causa
602 2343 695 2416 palato
707 2353 759 2400 est

91 2419 236 2496 Egregius
250 2430 354 2489 cinnat,
369 2417 526 2492 meliusque
541 2419 714 2476 miserrimus
728 2420 840 2489 borum,

91 2498 130 2556 Et
144 2497 202 2556 citb
217 2516 334 2555 casurus
344 2497 401 2572 jem
416 2498 580 2572 perlucente
594 2496 687 2554 ruinit.

91 2575 208 2634 Interea
221 2587 323 2651 gustus
336 2577 478 2634 elementa
491 2593 541 2649 per
554 2575 651 2632 omnia
664 2583 802 2648 querunt,
1054 2625 1058 2632 .

91 2653 248 2729 Nunquam
264 2654 357 2710 animo
371 2653 467 2728 pretiis
481 2652 664 2710 obstantibus.
706 2649 830 2710 Interids
842 2650 867 2708 si
1039 2652 1075 2710 16

90 2734 245 2802 Attendite,
259 2730 349 2806 magis
361 2731 408 2788 illa
419 2732 528 2806 juvant,
542 2750 604 2806 quae
617 2731 705 2807 pluris
718 2743 860 2788 emuntur.

91 2808 172 2886 Ergd
187 2810 264 2867 haud
278 2810 392 2868 difficile
406 2820 459 2881 est,
473 2811 625 2885 perituram
639 2829 782 2868 arcessere
797 2827 936 2868 summam

91 2887 238 2946 Lancibus
251 2889 394 2964 oppositis,
408 2889 451 2945 vel
466 2889 561 2945 matris
575 2888 699 2962 imagine
713 2888 812 2958 lracttl,

91 2966 130 3026 Et
143 2967 357 3042 quadringentis
370 2966 494 3023 nummis
502 2967 617 3022 condire
631 2966 761 3038 gulosum

91 3045 214 3103 Fictile:
235 3045 277 3102 sic
291 3044 407 3101 veniunt
421 3044 456 3099 ad
472 3042 653 3098 miscellanea
666 3041 735 3098 ludi.
1035 3043 1076 3098 20

91 3123 196 3182 Refert
209 3121 288 3200 ergb,
302 3122 365 3196 quis
379 3123 440 3176 haec
454 3119 555 3175 eadem
569 3127 664 3192 paret:
685 3117 715 3172 iu
729 3113 831 3172 Rutilo
844 3132 911 3172 nem

91 3201 220 3260 Luxuria
232 3213 292 3270 est;
313 3200 343 3256 in
359 3196 493 3254 Ventidio
507 3195 647 3252 laudabile
662 3213 767 3252 nomen

92 3281 196 3351 Sumit,
211 3290 240 3337 et
253 3299 269 3337 a
283 3297 371 3337 censu
385 3274 489 3334 famam
503 3274 595 3332 trabit.
637 3273 720 3332 Illum
734 3292 788 3351 ego
799 3271 863 3351 jure

91 3356 269 3434 Despiciam,
282 3359 330 3434 qui
343 3357 406 3428 scit,
420 3365 525 3431 quanto
540 3353 686 3413 sublimior
699 3354 782 3413 Atlas

72 3435 238 3493 'Omnibus
251 3437 281 3493 in
295 3436 385 3511 Libya
399 3435 435 3492 sit
448 3434 605 3503 montibus3
628 3435 674 3492 bic
687 3445 782 3492 umen
796 3433 873 3492 idem
1035 3431 1075 3490 25

92 3513 220 3591 Ignoret,
234 3512 369 3590 quantum
385 3514 486 3572 ferrati
499 3515 584 3572 distet
597 3512 633 3570 ab
648 3512 715 3569 arcd

93 3593 243 3652 sacculus.
284 3590 311 3648 Ε
324 3591 396 3646 coelo
409 3591 558 3648 descendit
570 3590 656 3645 rader
670 3585 784 3658 σερωτδν,

93 3669 257 3747 Figeudum
269 3679 299 3725 et
313 3667 430 3724 memori
444 3668 623 3726 tractandum
636 3675 759 3739 pectore,
773 3661 832 3720 eive

94 3749 269 3828 conjugium
282 3763 401 3824 quares,
408 3743 459 3882 pel
473 3745 546 3804 sacri
560 3743 591 3801 in
604 3755 683 3822 parte
697 3741 813 3802 seuatdr
