2494 4274
483 241 608 290 sauma
626 242 672 290 Vl.

80 382 178 444 Quem
193 393 277 440 catat
290 380 413 440 assiduis
427 383 556 456 sudibus,
568 395 705 460 scutoque
719 383 844 456 lacessit,

83 462 177 536 Atque
191 480 293 519 omnes
306 461 406 536 implet
420 481 564 533 numeros,
578 463 746 537 dignissima
759 481 875 540 prorsus

81 538 188 596 Florali
203 552 333 597 matrona
347 540 432 609 tubei5
456 540 509 598 nisi
525 541 550 597 si
563 541 631 617 quid
647 541 676 598 in
692 541 741 600 illo

80 618 202 676 Pectore
213 618 277 693 plus
293 617 390 692 agitat,
404 637 534 693 vereque
548 631 663 694 paratur
677 639 780 678 arene.
858 653 862 660 ·

80 697 181 757 Quem
194 709 329 772 praestare
340 708 432 772 potest
446 697 549 755 mulier
563 697 674 773 galeata
687 699 834 774 pudorem,

80 775 159 836 Qum
175 775 248 850 sugit
261 795 278 832 a
292 777 383 832 sexul
404 775 477 832 vires
491 786 574 834 amat.
616 775 690 832 Ilaec
704 788 799 836 tamen
814 778 875 854 ipsa

82 854 135 911 Vir
150 854 238 911 nollet
252 854 326 910 fieri:
347 873 415 910 nam
428 853 567 928 quantula
580 864 677 912 nostra
691 855 840 931 voluptasl

81 933 179 994 Quale
195 933 284 989 decus
298 951 402 1004 rerum,
417 933 440 988 si
454 932 585 1009 conjugis
600 933 695 990 artctio
708 934 777 992 fruti

82 1011 210 1082 Balteus,
225 1021 255 1068 et
268 1011 399 1083 manicae,
414 1023 443 1068 et
456 1011 560 1082 criste,
574 1012 720 1087 crurisque
734 1012 840 1072 sinistri

83 1089 244 1147 Dimidium
259 1090 404 1164 tegimeu;
426 1089 479 1163 vel,
494 1090 518 1146 si
533 1090 645 1148 diversa
658 1091 782 1150 movebit

84 1168 200 1240 Proelia,
214 1180 246 1225 tu
261 1168 339 1240 felix,
351 1187 451 1226 ocreas
466 1169 607 1227 vendente
620 1169 725 1245 puelli.

86 1247 141 1304 He
156 1259 233 1319 sunt,
248 1265 310 1321 quae
326 1247 405 1304 terrui
419 1248 523 1306 sudant
537 1247 566 1304 in
581 1248 709 1323 cyclade,
722 1268 842 1324 quarum

86 1325 215 1384 Delicias
228 1336 257 1384 et
270 1326 442 1401 panniculus
456 1326 644 1401 bombycinus
658 1327 723 1385 urit.

84 1405 223 1480 Adspice,
237 1423 293 1480 quo
306 1405 421 1462 fremitu
434 1416 603 1462 monstratos
615 1405 738 1479 perferat
751 1404 835 1477 ictus,

84 1483 122 1542 Et
134 1495 240 1560 quanto
253 1483 342 1560 galee
357 1493 490 1540 curvetur
504 1482 640 1557 pondere,
654 1493 762 1557 quauta

85 1563 243 1638 Poplitibus
256 1563 363 1632 sedeat,
377 1561 463 1636 quarn
477 1561 566 1618 denso
581 1560 669 1618 fascia
682 1560 764 1632 libro,

84 1641 122 1700 Et
136 1642 208 1714 ride,
223 1641 371 1718 scaphium
384 1640 484 1716 positis
497 1658 585 1714 quum
599 1640 721 1697 sumitur
734 1640 828 1698 armis.

84 1719 181 1778 Dicite
196 1739 255 1791 vos,
270 1732 370 1796 neptes
384 1719 496 1796 Lepidi,
511 1719 617 1777 caecive
632 1718 754 1791 Metelli,

84 1799 214 1876 Gurgitis
229 1810 278 1856 aut
293 1797 386 1868 Fabii,
400 1816 463 1872 quae
477 1797 555 1855 ludia
569 1798 721 1874 sumpserit
735 1817 861 1874 unquam

85 1878 147 1935 Hos
162 1878 299 1935 habitusl
319 1878 433 1952 quaudo
448 1878 483 1933 ad
498 1877 594 1951 palum
609 1889 705 1952 gemat
720 1897 789 1936 uxor
810 1877 914 1954 Asylil

124 1959 245 2032 Semper
259 1956 345 2013 habet
357 1956 422 2013 lites
436 1955 601 2030 alternaque
613 1955 708 2030 jurgia
720 1955 822 2026 lectus,

85 2034 119 2092 ln
134 2055 192 2111 quo
202 2047 290 2111 nupta
301 2035 396 2109 jacet:
418 2031 568 2091 minimum
583 2034 720 2091 dormitur
735 2034 765 2091 in
781 2033 836 2092 illo.

85 2113 173 2171 Tunc
187 2114 282 2190 gravis
296 2113 345 2172 illa
359 2113 427 2184 viro,
442 2123 512 2170 tuno
525 2113 595 2170 orba
608 2113 711 2189 tigride
727 2113 812 2189 pejor.

84 2193 187 2254 Quum
201 2193 316 2250 simulat
329 2191 452 2268 gemitus
466 2191 573 2249 occulti
587 2193 703 2250 conscia
717 2192 797 2264 lacti,

85 2273 146 2331 Aut
159 2272 221 2330 odit
233 2290 346 2347 pueros,
362 2283 410 2327 aut
424 2270 490 2328 ficti
504 2271 606 2346 pellice
620 2272 719 2346 plorat,

85 2351 229 2409 Uberibus
243 2370 352 2426 semper
366 2349 508 2422 lacrymis,
523 2368 689 2424 semperque
703 2349 807 2424 paratis

86 2429 121 2486 ln
136 2430 259 2489 statione
274 2430 337 2501 suri,
351 2440 435 2503 atque
450 2427 682 2502 exspectantibus
695 2427 792 2498 illam„

85 2509 156 2570 Quo
168 2509 268 2585 jubeat
282 2527 397 2566 manare
412 2505 513 2563 modo:
534 2517 566 2561 tu
580 2505 674 2562 credis
688 2523 823 2576 amorem,

85 2586 135 2644 Tu
149 2588 202 2644 tibi
213 2599 283 2644 tuno
297 2605 418 2644 curruca
431 2584 538 2660 places,
552 2583 706 2658 fletumque
720 2582 829 2642 labellis

86 2665 238 2736 Exsorbes‚
252 2684 315 2741 que
330 2665 434 2740 scripta
448 2675 476 2720 et
489 2675 557 2738 quot
570 2664 678 2720 lecture
694 2662 823 2736 tabellas,

86 2745 117 2802 Si
131 2745 184 2803 tibi
200 2744 337 2820 zelotypae
352 2754 513 2819 retegantur
528 2743 633 2801 scrinia
645 2743 782 2800 moechael

86 2825 144 2882 Sed
153 2824 231 2899 jacet
244 2823 274 2880 in
288 2823 359 2879 servi
373 2822 579 2898 complexibus,
592 2834 642 2880 aut
655 2822 766 2897 equitis.
808 2823 875 2896 Dic,

86 2903 143 2960 Dic
157 2902 292 2977 aliquem,
306 2901 399 2972 sodes,
414 2901 472 2969 hic,
485 2901 678 2972 Quintiliane,
692 2901 816 2958 colorem
829 2920 836 2956 :

86 2981 257 3038 Haeremus:
279 2980 326 3038 dic
341 2980 410 3055 ipsa.
451 2979 530 3036 Olim
544 2991 727 3048 convenerat,
742 2978 843 3050 inquit,

86 3060 125 3118 Ut
139 3060 249 3116 faceres
263 3071 304 3130 tu,
318 3059 394 3132 quod
408 3057 504 3143 rplles,
518 3075 574 3112 nec
587 3075 647 3112 non
661 3074 716 3130 ego
729 3073 843 3128 possem

87 3138 243 3214 Indulgere
257 3137 348 3195 mihi:
370 3135 477 3204 clames
491 3131 570 3202 licet,
584 3143 614 3189 et
627 3150 704 3188 mare
718 3130 791 3188 coelo

86 3217 266 3288 confundas,
280 3217 366 3274 homo
380 3227 451 3269 sum.
492 3209 575 3268 Nihil
589 3221 631 3269 est
645 3211 782 3268 audacius
793 3208 849 3269 illis

86 3295 262 3372 Deprensis:
284 3295 355 3352 iram
370 3305 454 3368 atque
468 3291 577 3349 animos
591 3311 608 3348 a
622 3290 742 3349 crimine
756 3300 881 3350 sumunt.

86 3375 171 3434 Unde
185 3377 248 3432 haec
262 3384 387 3432 monstra
399 3384 506 3443 tamen,
522 3372 564 3429 vel
579 3390 635 3449 quo
648 3370 783 3444 delente,
796 3369 936 3448 requirisl

87 3454 245 3512 Praestabat
258 3465 351 3512 castas
365 3451 480 3510 humilis
495 3452 607 3509 fortuna
620 3451 738 3508 Latinas

86 3533 255 3604 Quondam,
270 3549 329 3589 noc
342 3531 417 3589 vitiis
430 3530 558 3606 contingi
572 3548 659 3605 parva
673 3528 804 3584 sinebant

87 3611 181 3670 Tecta
192 3611 281 3682 labor,
296 3608 443 3683 somnique
458 3609 565 3680 breves,
579 3620 609 3665 et
622 3606 724 3664 vellere
738 3604 838 3663 Tusco

87 3691 206 3749 vexate
220 3690 355 3764 dureque
368 3705 479 3756 manus,
493 3706 528 3744 ac
541 3685 686 3762 proximus
699 3681 769 3742 Urbi

88 3768 248 3842 lluunibal,
262 3777 292 3827 ot
304 3775 411 3878 staptes
425 3763 540 3824 Collina
553 3775 630 3824 turre
644 3763 744 3824 mariti.
