2494 4274
185 249 225 306 qq
497 247 529 294 n.
546 245 643 294 sunu
660 235 856 294 Juvuuffls

185 387 318 464 Corporis
333 388 441 464 egregii
456 389 573 446 miseros
586 387 766 463 trepidosque
780 397 914 462 parentes
1116 389 1181 447 290
1236 429 1237 456 2

186 468 304 543 Semper
319 467 411 525 habet.
453 467 532 524 Rara
546 479 589 524 est
604 464 675 524 adeo
690 465 842 523 concordia
857 465 953 522 forma*

189 545 281 620 Atque
294 546 447 620 pudicitie.
490 545 610 602 Sanctos
625 543 693 602 licdt
708 543 821 601 horrida
834 561 927 601 morsa

184 622 349 681 Tradiderit
362 625 472 694 domus,
486 642 520 680 ac
534 635 641 680 veteres
655 623 763 679 imitata
777 622 908 692 Sabinos,

185 701 326 760 Praeterea
339 713 448 760 castum
463 703 609 777 ingenium
624 701 786 774 vultumque
800 701 927 758 modesto

186 781 333 856 Sanguine
350 781 503 838 ferventem
518 780 621 837 tribuat
635 791 735 836 natura
751 778 875 853 benigna
1114 779 1178 837 295

187 857 279 933 Larga
293 877 398 927 manu;
421 859 501 934 (quid
516 859 592 914 enirn
607 876 695 932 puero
709 857 837 914 conferre
851 867 943 931 potest
955 856 1019 932 plus

185 936 312 993 Custode
321 947 350 993 et
364 937 433 993 curi
449 947 548 992 natura
562 936 701 1010 potentior
714 934 792 992 omni
801 936 826 1011 l)

186 1013 254 1070 Non
268 1014 334 1070 licet
348 1033 410 1070 esse
424 1013 508 1071 viris:
530 1031 596 1070 narn
610 1015 727 1088 prodiga
741 1013 911 1088 corruptoris

186 1091 354 1166 Improbitaa
369 1093 443 1168 ipsos
458 1093 543 1148 audet
556 1105 663 1150 tentare
678 1103 857 1167 parentes.-

187 1170 245 1226 Sed
259 1183 337 1227 nasto
351 1171 419 1245 quid
433 1171 522 1228 forma
536 1173 641 1228 uncetl
662 1171 728 1244 quid
744 1169 846 1244 profuit
860 1171 947 1227 immo
1114 1171 1177 1228 300

187 1247 340 1324 Hippolyto
354 1268 438 1325 grave
452 1249 624 1324 propositum
637 1251 649 1305 l
670 1249 738 1323 quid
754 1249 984 1324 Bellerophonti?

186 1326 308 1385 Erubuit
322 1347 424 1404 nempe
438 1329 509 1398 haec,
524 1346 577 1384 ceu
593 1327 722 1396 fastidita,
735 1326 854 1402 repulsa.

186 1405 251 1463 Nec
266 1407 437 1465 Stheneboea
451 1407 555 1477 minus,
569 1405 653 1480 quiam
668 1406 781 1476 Cressa,
796 1405 958 1478 excanduit,
972 1416 1045 1464 etse

186 1485 366 1544 Concessere
380 1487 478 1544 ambae.
521 1485 625 1544 Mulier
640 1486 792 1541 saevissima
806 1495 874 1540 tuno
888 1495 940 1554 est,

185 1564 286 1624 Quum
301 1566 428 1622 stimulos
438 1567 503 1623 odio
516 1565 605 1639 pudor
620 1563 757 1620 admovet.
800 1561 882 1638 Elige
895 1562 1030 1636 quidnam
1111 1565 1175 1622 305

187 1643 372 1699 Suadendum
387 1661 449 1698 esse
462 1655 553 1717 putes,
568 1643 614 1698 cui
630 1642 736 1698 nubere
750 1640 871 1696 Caesaris
885 1660 954 1698 uxor

187 1718 337 1777 Destinatl
377 1719 511 1794 Optimus
525 1721 571 1776 liic
585 1731 613 1777 et
629 1720 844 1776 formosissimus
859 1720 933 1776 idem

186 1798 288 1855 Gentis
301 1797 427 1873 patriciae
442 1798 547 1872 rapitur
563 1799 648 1854 miser
664 1799 887 1872 exstinguendus

187 1873 348 1933 Messalinae
362 1876 468 1933 oculis:
490 1877 597 1932 dudum
612 1877 691 1934 sedet
706 1877 752 1932 illa
766 1890 862 1951 parato

187 1953 371 2021 Flammeolo,
386 1953 546 2029 Tyriusque
560 1954 652 2031 palium
667 1955 787 2029 genialis
801 1955 829 2011 in
845 1954 933 2012 hortis

188 2034 338 2105 Sternitur,
354 2043 383 2090 ut
398 2053 452 2091 rou
467 2035 563 2090 decios
577 2045 699 2091 centena
712 2035 854 2090 dabuntur

188 2112 332 2186 Antiquo:
355 2113 448 2169 reniet
462 2131 528 2168 cum
540 2113 729 2186 signatoribus
740 2131 852 2186 auspex.

188 2189 260 2246 Haec
273 2202 303 2247 tu
318 2199 426 2248 secreta
440 2201 469 2248 et
482 2192 581 2264 paucis
595 2192 745 2248 commissa
759 2191 896 2264 putabasl

189 2267 265 2339 Non,
281 2267 334 2326 nisi
349 2267 486 2344 legitime,
501 2269 558 2326 vult
572 2270 687 2325 nubere.
728 2269 808 2328 Quid
822 2267 943 2342 placeat,
957 2268 1022 2326 dio:

187 2345 227 2402 Ni
242 2367 339 2422 parere
354 2347 432 2418 velis,
445 2349 621 2422 pereundum
638 2348 690 2404 erit
704 2358 769 2404 ante
783 2347 932 2402 lucernas:

187 2425 218 2480 Si
233 2425 326 2483 scelus
340 2427 479 2496 admittas,
494 2427 606 2484 dabitur
620 2445 698 2484 mora
713 2425 836 2500 parvulo,
851 2427 919 2481 dum
933 2443 978 2482 res

187 2501 263 2562 Nota
279 2505 346 2563 Urbi
357 2517 385 2562 et
398 2505 501 2580 populo
515 2505 661 2578 contingat
675 2504 814 2579 Principis
828 2523 919 2562 aures.

187 2582 320 2641 Dedecus
334 2584 381 2640 ille
395 2585 495 2641 domins
510 2585 581 2640 sciet
595 2585 725 2640 ultimus:
747 2584 854 2640 interea
862 2595 892 2640 tu

185 2661 352 2733 Obsequere
368 2663 495 2736 imperio,
509 2661 545 2717 sit
560 2663 630 2719 tanti
645 2663 699 2718 vita
715 2663 823 2718 dierum

187 2737 355 2794 Paucorum.
396 2739 544 2810 Quidquid
560 2740 661 2796 melius
675 2741 819 2812 leviusque
834 2739 950 2814 putdris,

186 2813 343 2872 Praebenda
357 2829 400 2873 est
413 2816 507 2890 gladio
520 2817 638 2890 pulchra
652 2819 713 2874 lraec
728 2829 756 2873 et
770 2818 892 2874 condida
905 2819 1008 2875 cervix.

225 2891 273 2948 Nil
289 2893 357 2968 ergb
371 2895 508 2970 optabunt
523 2895 673 2952 bominesl
715 2897 746 2951 Si
761 2895 910 2952 consilium
925 2897 976 2969 vis,

185 2969 334 3030 Permittes
348 2974 415 3051 ipsis
427 2974 586 3049 expendere
601 2974 774 3044 numinibus,
785 2973 852 3048 quid

184 3049 343 3111 Conveniat
358 3054 448 3123 nobis,
463 3052 602 3128 rebusque
616 3054 652 3112 sit
666 3053 734 3111 utile
748 3054 858 3111 nostris,

184 3127 261 3186 Nam
274 3151 324 3206 pro
336 3132 470 3208 jucundis
481 3133 624 3206 aptissima
637 3152 755 3208 quaeque
769 3132 878 3189 dabunt
890 3130 921 3188 di

185 3209 284 3266 Carior
298 3222 341 3267 est
355 3212 409 3266 illis
423 3211 516 3278 homo,
530 3210 614 3282 quim
630 3213 691 3266 sibi.
733 3210 796 3268 Nos
811 3211 968 3266 animorum

185 3285 322 3358 Impulsu,
337 3296 365 3341 et
379 3286 457 3340 caecd
471 3288 630 3356 magnaque
645 3289 778 3359 cupidine
792 3287 871 3342 ducti

184 3361 357 3435 Conjuginm
370 3361 502 3434 petimus,
517 3373 683 3433 partumque
698 3363 811 3418 uxoris&
832 3372 860 3418 at
874 3361 928 3418 illis

183 3439 303 3509 Notum,
317 3439 365 3513 qui
379 3437 469 3512 pueri,
483 3437 627 3511 qualisque
642 3439 734 3498 sutura
748 3440 784 3496 sit
799 3458 875 3496 uxor.

187 3519 223 3576 Ut
235 3529 330 3574 tamen
344 3527 373 3573 et
386 3535 485 3591 poscas
499 3515 613 3589 aliquid,
629 3535 783 3591 voveasque
798 3517 909 3576 sacellis
1107 3521 1168 3580 880

185 3597 267 3667 Exta,
282 3607 310 3652 et
323 3593 469 3652 candiduli
484 3595 580 3652 diviua
595 3596 736 3653 tomacula
750 3597 846 3671 poroi;

184 3670 333 3730 Orandum
348 3683 399 3743 est,
411 3684 442 3728 ut
456 3674 491 3728 sit
504 3689 584 3730 mens
597 3693 665 3730 sana
679 3674 707 3732 in
721 3693 837 3750 corpore
852 3695 929 3734 sano.

185 3746 299 3806 Fortem
312 3767 398 3825 posca
412 3750 548 3823 animum,
563 3755 659 3810 mortis
674 3766 779 3814 terrore
793 3765 947 3822 carentem,
