2494 4274
472 309 596 358 SATlRA
614 309 676 358 XII.

75 525 139 585 Qui
153 524 404 583 Lacedaemonium
419 527 567 600 pytismate
583 527 703 584 lubricat
715 528 831 585 orbem:

76 602 212 678 Namque
227 604 266 661 ibi
281 602 413 660 Fortunae
428 605 540 661 veniam
554 605 662 661 damus.
703 605 777 662 Alea
791 606 889 681 turpis,

76 679 181 756 Turpe
194 691 223 738 et
237 681 407 738 adulterium
421 681 620 738 mediocribus.
662 681 734 740 Haec
747 684 849 740 eadem
863 683 903 740 illi

76 759 187 815 Omnia
199 777 286 833 quum
301 759 415 829 faciant,
430 758 532 816 hilares
546 760 684 834 nitidique
698 771 842 818 vocantur.

77 834 188 893 Nostra
201 837 310 894 dabunt
324 836 394 894 alios
408 836 491 894 bodie
505 837 634 895 convivia
648 837 746 895 ludos:

77 913 218 972 Conditor
233 914 337 972 Iliados
351 915 518 986 cantabitur,
533 925 615 989 atque
629 914 759 973 Maronis

77 990 204 1050 Altisoui
218 991 334 1048 dubiam
349 992 482 1048 facientia
495 992 621 1051 carmina
633 993 764 1068 palmam.

77 1069 161 1130 Quid
176 1070 269 1140 refert,
284 1071 354 1126 tales
369 1089 463 1126 versus
476 1070 532 1144 qut
546 1089 614 1128 voce
628 1072 777 1148 leganturf

119 1148 178 1204 Sed
194 1166 271 1206 nune
286 1147 380 1204 dilatis
395 1158 488 1204 averte
503 1150 616 1222 negotia
630 1149 715 1222 curis,

78 1224 118 1281 Et
130 1236 240 1301 gratam
254 1225 379 1300 requiem
394 1226 468 1282 dona
482 1225 542 1297 tibi,
556 1228 668 1301 quando
681 1227 780 1286 licebit

78 1302 133 1359 Per
148 1313 236 1360 totam
251 1321 361 1360 cessare
375 1303 467 1360 diem:
489 1323 546 1360 nou
561 1305 675 1362 foenoris
688 1306 747 1364 ulla

79 1380 202 1453 Mentio,
216 1399 280 1452 nee,
293 1381 385 1456 primd
399 1381 422 1437 si
436 1379 501 1438 luce
515 1400 638 1456 egressa,
652 1383 753 1441 reverti

79 1457 175 1516 Nocte
189 1458 269 1531 solet,
282 1459 370 1516 tacito
384 1459 469 1516 bilem
482 1458 534 1514 tibi
548 1461 695 1517 contrabat
709 1479 828 1517 uxor.-

79 1536 219 1594 Protenus
233 1548 418 1608 autemeam,
432 1535 568 1611 quidquid
582 1536 667 1608 dolet,
682 1556 754 1594 exue
767 1538 872 1596 limen:

80 1614 161 1672 Pone
175 1616 291 1672 domum
304 1626 334 1672 et
346 1634 450 1685 servos,
465 1625 494 1672 et
508 1614 643 1688 quidquid
658 1615 794 1692 frangitur
805 1613 870 1689 illis,

80 1694 141 1750 Aut
154 1693 244 1768 perit:
265 1693 389 1768 ingratos
404 1703 468 1750 ante
481 1692 578 1749 omnia
591 1712 664 1768 pone
678 1693 797 1751 sodales.

118 1769 233 1829 Interea
247 1770 445 1846 Megalesiacae
460 1771 620 1847 spectacula
634 1790 743 1847 meppie

80 1847 191 1905 Idaeum
205 1849 322 1906 solenne
337 1849 443 1920 colunt,
458 1849 611 1923 similisque
626 1849 769 1925 triumpho

80 1927 180 1983 Praeda
195 1927 365 1984 caballorum
379 1926 484 1984 Praetor
499 1927 594 1995 sedet3
616 1946 659 1997 ae,
674 1927 743 1984 mihi
758 1946 828 2003 pace

83 2003 233 2062 lmmeusae
247 2005 399 2079 nimiaeque
413 2004 480 2060 licet
493 2003 516 2059 si
531 2003 626 2060 dicere
640 2005 739 2078 plebis,

82 2081 186 2140 Totam
201 2083 283 2140 bodie
297 2083 421 2138 Romam
436 2081 529 2138 circus
542 2083 627 2157 capit,
641 2093 669 2138 et
680 2081 772 2157 fragor
786 2100 883 2140 aurem

81 2159 218 2232 Percutit,
232 2172 365 2217 eventum
379 2158 544 2233 viridisque
558 2161 660 2235 colligo
674 2159 769 2236 panni.

80 2237 110 2294 N
112 2257 168 2309 am,
183 2237 207 2294 si
218 2237 362 2310 deficeret,
377 2248 506 2295 moestam
520 2238 721 2313 attonitamque
734 2239 846 2297 videres

81 2315 168 2372 Hanc
183 2317 292 2387 urbem,
306 2315 391 2373 veluti
406 2316 570 2372 Cannarum
585 2317 614 2373 in
629 2316 744 2392 pulvere
757 2316 841 2374 victis

81 2393 265 2450 Consulibus.
307 2394 442 2469 Spectant
454 2393 582 2468 juvenes,
595 2413 665 2466 quos
678 2394 783 2451 clamor
797 2403 827 2450 et
839 2394 934 2450 audax

82 2471 215 2544 sponsio,
228 2489 298 2544 quos
311 2471 394 2528 cultae
408 2472 492 2527 decet
505 2471 642 2526 assedisse
657 2470 774 2545 puellae3

83 2549 222 2622 Spectent
236 2549 291 2604 hoc
305 2559 409 2624 nuptae,
421 2545 502 2623 juxta
516 2547 670 2604 recubante
685 2547 794 2618 marito,

80 2624 169 2684 Quod
184 2627 289 2700 pudeat
301 2627 430 2683 narrasse
444 2625 565 2700 aliquem
579 2624 765 2701 praesentibus
778 2625 854 2702 ipsis.

81 2702 188 2760 Nostra
202 2702 278 2760 bibat
291 2721 408 2760 vernum
421 2715 567 2760 contracta
580 2703 704 2760 cuticula
717 2702 815 2775 solem,

82 2779 265 2856 Effugiatque
278 2791 381 2857 togam.
423 2780 440 2837 J
444 2800 489 2837 am
500 2782 620 2839 nuncin
636 2781 748 2854 balnea,
762 2781 839 2841 salva

82 2857 200 2930 Fronte,
214 2857 282 2915 licet
298 2859 392 2931 vadas,
406 2878 567 2933 quanquam
581 2859 672 2918 solida
685 2861 753 2918 bora
767 2860 887 2936 supersit

86 2935 131 2991 Ad
146 2946 261 2994 sexum.
303 2936 410 2994 Facere
424 2937 478 2994 hoc
491 2957 548 2994 non
562 2938 652 3012 possis
666 2937 790 3011 quinque
804 2937 906 3011 diebus

82 3012 246 3085 Continuis,
259 3014 325 3087 quia
338 3023 404 3070 sunt
417 3013 481 3070 talis
495 3032 605 3086 quoque
619 3014 703 3070 taedia
716 3014 780 3068 virae
838 3067 840 3072 ,

82 3089 201 3166 Magna.
243 3091 409 3164 Voluptates
422 3089 602 3144 commendat
615 3089 702 3145 rarior
712 3106 790 3142 usus.

452 3396 610 3456 SATIRA
627 3396 698 3457 XII.

123 3555 254 3627 Nemi,
268 3554 400 3626 Corvino,
414 3555 460 3612 die
474 3554 544 3611 mihi
558 3554 667 3612 dulcior
680 3553 744 3609 hoee
757 3553 815 3625 lux,

82 3633 154 3694 Qut
167 3633 255 3691 festus
267 3631 404 3707 promissa
416 3633 479 3689 deis
492 3631 627 3689 animalia
639 3646 740 3702 cespes

83 3710 246 3787 Exspectat.
287 3707 409 3764 Niveam
423 3708 546 3782 Reginae
560 3705 691 3762 ducimus
704 3723 824 3781 agnam:

83 3787 140 3846 Par
152 3788 246 3848 vellus
259 3785 373 3862 dabitur
385 3783 525 3922 qrpnanti
539 3783 672 3860 Gorgone
686 3781 789 3842 Maura
