2494 4274
490 263 615 312 sartan
634 264 682 313 lx.

82 404 242 462 Exsulibus
253 403 372 479 juvenes
388 403 475 480 ipsius
489 405 632 478 Consulis,
647 417 676 465 et
689 427 760 482 quos

83 481 226 558 Magnum
239 483 344 556 aliquid
359 484 446 540 dubia
460 503 511 558 pro
525 485 653 543 libertate
667 487 791 559 deceret,

82 560 175 621 Quod
190 562 339 618 miraretur
353 580 420 618 cum
435 562 546 620 Coclite
561 562 688 636 Mucius,
702 576 808 640 etque

84 638 205 716 Imperii
219 638 292 696 fines
305 638 476 696 Tiberinum
492 642 570 716 virgo
585 643 697 701 natavit.

84 716 214 774 Occulta
229 719 265 774 ad
279 729 372 792 patres
384 720 514 793 produxit
530 721 649 778 crimina
664 739 762 778 servus

85 795 229 854 Matronis
243 797 385 871 lugendus
397 816 403 853 ε
424 809 452 854 at
466 798 529 856 illos
544 799 660 856 verbera
671 800 754 874 justis

85 875 229 931 Afficiunt
242 875 343 950 poenis,
357 885 386 932 et
398 875 494 950 legum
509 877 600 951 prima
613 879 729 936 securis.

130 951 209 1010 Malo
222 964 303 1028 pater
316 953 367 1010 tibi
381 955 418 1010 sit
428 954 587 1027 Thersites,
602 957 757 1015 dummodo
770 957 851 1016 tusis

86 1031 218 1087 AEacidae
233 1031 342 1101 similis,
358 1031 553 1108 Vulcaniaque
567 1053 645 1092 arma
658 1053 799 1110 capessas,

83 1107 187 1172 Quam
202 1121 231 1169 te
243 1110 385 1167 Thersite
399 1111 521 1169 similem
536 1114 674 1187 producat
687 1114 825 1173 Achilles.

86 1187 126 1245 Et
141 1199 247 1258 tamen,
262 1199 293 1244 ut
303 1186 390 1263 longd
403 1201 523 1264 repetas,
537 1188 677 1266 longeque
692 1192 815 1251 revolvas

86 1266 213 1337 Nomen,
229 1268 265 1323 ab
281 1267 505 1342 infamigentem
520 1269 639 1327 deducis
653 1269 739 1344 asylo.

87 1342 230 1420 Majorum
245 1345 353 1420 primus
366 1347 493 1420 quisquis
507 1347 559 1404 tuit
573 1349 620 1405 ille
634 1359 757 1419 tuorum,

87 1422 149 1481 Aut
162 1434 257 1499 pastor
268 1423 330 1495 suit,
345 1435 394 1480 aut
408 1425 486 1495 illud,
500 1427 575 1499 quod
589 1427 684 1483 dicere
697 1426 772 1484 nolo.

463 1737 620 1796 SATIRA
644 1738 699 1798 IX.

125 1897 219 1954 Scine
234 1896 329 1967 velim,
343 1915 431 1971 quare
446 1895 527 1954 toties
541 1896 621 1967 mibi,
636 1896 666 1952 N
668 1899 763 1971 evole,
778 1901 866 1960 tristis

86 1973 232 2032 Occurras
243 1975 332 2032 fronte
344 1975 479 2045 obducti,
494 1993 547 2030 ceu
563 1973 677 2049 Marsya
692 1977 833 2036 victus.-

86 2053 153 2110 Non
170 2065 231 2111 erat
246 2053 301 2111 nto
315 2054 388 2112 secie
402 2052 587 2110 miserabilior
598 2053 768 2128 Crepereius

85 2131 184 2202 Pollio,
199 2132 247 2208 qui
262 2132 401 2208 triplicem
416 2150 529 2188 usuram
542 2143 674 2205 prestare
687 2145 801 2209 paratus

85 2211 197 2268 Circuit
211 2223 240 2268 et
255 2211 345 2268 fatuos
359 2231 416 2268 uon
437 2211 552 2268 invenit.
595 2210 678 2268 Unde
691 2213 810 2288 repentti

83 2289 112 2346 T
113 2304 143 2347 ot
158 2291 260 2366 rugael
280 2287 359 2346 certe
385 2289 497 2346 modico
511 2299 662 2346 contentus
676 2293 780 2366 agebas

84 2368 214 2424 Vernam
228 2369 361 2443 anilem,
376 2369 494 2426 conviva
505 2367 570 2442 joco
585 2369 733 2426 mordente
745 2371 866 2442 facetus,

83 2444 122 2504 Et
137 2447 246 2503 salibus
259 2447 412 2504 vehemens
426 2448 500 2503 intra
514 2446 650 2520 pomoeria
664 2447 746 2503 natis.

83 2523 193 2583 Omnia
206 2543 285 2582 nunc
299 2523 399 2582 contrd
412 2543 418 2580 ε
441 2525 534 2581 vultus
547 2523 650 2598 gravis,
665 2525 779 2582 horrida
792 2525 878 2584 sicce

85 2604 164 2661 Silva
177 2621 279 2675 comae,
294 2603 388 2660 nullus
401 2604 460 2662 toti
475 2604 548 2660 nitor
562 2603 591 2658 in
606 2613 683 2674 cute,
698 2603 811 2678 qualern

83 2681 196 2740 Bruttia
210 2683 361 2757 prestabat
374 2683 459 2740 calidi
473 2682 524 2739 tibi
539 2681 627 2738 fascia
641 2682 727 2740 visci:

85 2759 143 2818 set
159 2761 311 2818 fruticante
325 2760 382 2836 pilo
395 2762 527 2838 neglecta
540 2771 569 2817 et
583 2761 711 2835 squalida
723 2780 816 2822 crura.

84 2839 169 2901 Quid
184 2840 291 2897 macies
306 2841 373 2916 egri
387 2841 500 2911 veteris,
515 2858 598 2914 quem
613 2851 739 2918 tempore
752 2842 838 2918 longo

86 2917 193 2975 Torret
206 2931 306 2993 quarta
319 2919 389 2990 dies,
403 2919 527 2993 olimque
541 2919 698 2977 domestica
712 2920 817 2978 sebrisl

84 2995 255 3072 Deprendas
269 2997 356 3054 enimi
370 3009 510 3054 tormenta
522 2997 637 3052 latentis
650 2998 680 3053 iu
695 3015 770 3071 aegro

84 3075 223 3151 Corpore,
237 3073 398 3151 deprendas
411 3086 440 3132 et
452 3073 574 3148 gaudia:
596 3075 682 3130 sumit
695 3085 845 3147 utrumque

84 3152 159 3211 Inde
175 3154 304 3212 habitum
318 3153 414 3209 facies.
455 3149 547 3224 Igitur
561 3147 673 3206 flexisse
686 3149 790 3207 videris

85 3231 276 3308 Propositum,
291 3243 320 3292 et
334 3229 398 3288 vite
413 3229 572 3286 contrarius
585 3228 626 3286 ire
640 3227 735 3305 priori.

85 3310 187 3387 Nuper
201 3311 289 3382 enim,
304 3321 336 3368 ut
349 3320 455 3386 repeto,
471 3307 568 3366 sanum
583 3306 678 3381 Isidis,
692 3319 722 3367 et
734 3307 934 3385 Ganymeden,

85 3387 179 3460 Pacis,
193 3399 222 3447 et
236 3390 360 3448 advectae
374 3398 483 3446 secreta
496 3388 600 3464 palatia
614 3386 726 3460 Matris,
1031 3389 1072 3447 2⁰

85 3467 123 3526 Et
133 3467 270 3525 Cererem
286 3467 364 3543 (nam
379 3487 434 3542 quo
448 3485 505 3524 non
519 3478 624 3544 prostat
638 3468 754 3524 soemina
766 3466 871 3543 templo
879 3465 905 3545 l)

86 3545 188 3603 Notior
203 3545 320 3602 Aulidio
334 3547 464 3603 moechus
477 3547 621 3604 celebrare
635 3545 795 3601 solebas.-

87 3625 161 3682 Utile
175 3634 204 3682 et
218 3625 274 3682 hoc
288 3622 384 3679 multis
396 3623 460 3679 rite
474 3642 582 3698 genus:
604 3620 715 3677 etmihi
730 3618 839 3676 nullum

87 3701 160 3759 lude
174 3719 269 3778 operte
283 3699 414 3776 pretium.
456 3698 582 3774 Pingues
595 3697 747 3772 aliquando
759 3697 899 3770 lacernas,

89 3780 268 3842 Munimenta
281 3789 365 3855 roge,
379 3775 443 3836 duri
457 3777 600 3853 crassique
610 3777 721 3848 eoloris,
1029 3777 1070 3839 25
