2502 4284
153 219 209 278 ιω
486 215 516 260 n.
536 211 646 262 rnnsrr
664 211 787 260 rnaccr

150 355 251 418 Quum
265 355 339 414 bene
353 353 493 414 diseinoto
506 354 661 413 mutaverit
673 353 769 411 ocima
781 369 883 411 reme.

152 433 190 492 Ut
203 453 288 493 nemo
302 433 331 492 in
347 452 409 491 sese
422 444 512 491 tentat
525 433 709 502 descendere,
724 430 824 490 nemo!

152 511 211 570 Sed
224 511 397 588 praeoedenti
410 521 553 587 spectatur
563 510 687 567 mantica
700 519 787 585 tergo.

190 589 357 664 Quaesieris,
372 587 486 647 Ndstin’
501 587 616 647 Ventidi
626 587 753 662 predial
773 585 903 664 ‘cujusl’
1103 587 1151 646 25

152 666 240 726 Dives
254 679 313 726 arat
326 667 460 740 Curibus,
473 665 610 744 quantum
624 685 681 724 non
695 665 796 723 milvus
808 665 928 724 oberret

152 751 160 777 ⁴
177 745 266 804 Hune
276 747 338 804 aisl
358 747 435 804 hunc
448 745 494 804 dis
508 745 585 804 iratis
598 743 738 820 genioque
752 743 885 802 sinistro?

151 822 214 885 Qui
227 823 395 900 quandoque
406 824 507 900 jugum
520 833 634 900 pertusa
648 824 683 880 ad
695 821 818 898 compita
826 821 896 900 figit,

154 901 270 960 Serioltn
284 912 407 958 veterem
420 912 551 959 metuens
564 901 702 958 deradere
715 899 825 973 limum,

153 979 286 1055 Ingemit,
301 979 367 1036 Hoc
380 977 445 1036 bene
458 979 516 1036 sit!
536 979 693 1036 tunicatum
708 995 775 1036 oum
789 978 848 1037 sale
860 977 997 1042 mordens
1099 977 1150 1036 30

153 1057 255 1134 Cape:
276 1067 305 1114 et
318 1057 421 1114 sarratd
445 1057 540 1134 pueris
553 1056 753 1133 plaudentibus
775 1057 843 1128 olis,

152 1135 313 1194 Pannosam
327 1136 426 1193 fecem
440 1137 585 1194 morientis
599 1134 693 1193 sorbet
706 1135 797 1193 aneti!
813 1134 831 1169 ⁴*
842 1133 860 1168 *
871 1133 890 1169 ⁸
900 1134 919 1170 ⁸
929 1137 947 1172 *

192 1212 347 1286 Caedimus,
361 1214 446 1289 inque
460 1214 551 1272 vinem
563 1214 722 1290 praebemus
736 1232 820 1271 crura
832 1213 949 1292 sagittis.

152 1291 264 1351 Vivitur
277 1293 332 1350 hoe
345 1305 442 1369 paeto:
464 1293 506 1350 sic
520 1293 665 1350 novimus:
687 1291 735 1348 ilia
749 1292 845 1350 subter

152 1369 271 1430 Caeoum
284 1371 385 1430 vulnus
396 1369 499 1430 habes:
521 1371 570 1431 sed
584 1371 641 1429 lato
655 1370 764 1428 balteus
777 1389 847 1429 auro

153 1447 302 1526 Protegit:
323 1459 354 1508 ut
367 1451 465 1522 mauis,
478 1451 516 1508 dn
528 1450 622 1522 verba,
636 1460 665 1507 et
675 1448 775 1524 decipe
788 1467 897 1522 nervos,

153 1526 186 1583 Si
199 1539 288 1603 potes.
330 1527 502 1605 ‘Egregium
516 1547 603 1604 quum
616 1547 662 1585 me
677 1527 780 1584 vicinia
793 1527 879 1602 dieat,

153 1604 220 1662 Non
236 1607 379 1666 eredaml'
420 1607 499 1679 Viso,
513 1607 537 1664 si
550 1605 648 1682 palles,
664 1605 800 1681 improbe,
814 1605 931 1673 nurnrne
939 1623 947 1676 ;
959 1604 977 1642 *
988 1603 1007 1642 *
1017 1603 1037 1642 “
1048 1607 1068 1644 *

153 1683 186 1739 Si
199 1682 293 1757 puteal
307 1685 397 1742 multi
410 1695 510 1742 cautus
521 1684 613 1742 vibice
626 1683 766 1760 flagellas:

153 1759 183 1818 N
184 1763 353 1838 equiequam
366 1762 468 1838 populo
483 1762 592 1820 bibulas
605 1763 753 1821 donaveris
767 1781 858 1822 aures.
1097 1761 1144 1820 40

154 1839 281 1916 Respue,
295 1841 369 1915 quod
380 1859 438 1898 non
452 1859 501 1898 es:
522 1841 601 1900 tollat
615 1859 667 1898 sua
681 1859 800 1900 munera
813 1841 907 1900 oerdo.

152 1917 266 1978 Tooum
280 1918 384 1994 habita,
399 1930 428 1980 et
441 1917 528 1990 miris,
542 1918 628 1998 qudm
642 1919 678 1978 sit
691 1919 742 1978 tibi
756 1931 836 1978 curta
849 1918 984 1997 supellex„

536 2231 694 2322 suumn
714 2231 751 2290 v.

439 2403 488 2460 nl>
504 2401 717 2452 MAGISTRUM
734 2401 834 2453 SUUM

478 2563 615 2604 ANNAEUM
635 2561 809 2603 GORNUTUM.
879 2621 881 2626 Ι

191 2701 328 2760 Vnnraus
341 2701 389 2758 bio
402 2717 463 2759 mos
476 2711 529 2772 est,
543 2712 659 2759 eentum
673 2701 727 2759 sibi
739 2719 856 2778 poscere
870 2719 963 2774 voees,

152 2778 276 2836 Centum
289 2797 348 2850 ora,
361 2788 390 2836 et
403 2777 515 2854 linguas
528 2789 624 2854 optare
637 2779 667 2835 in
681 2779 808 2837 earmina
821 2789 948 2854 eentum,

152 2856 262 2914 Fabula
275 2875 325 2914 seu
339 2867 440 2914 moesto
451 2867 571 2933 ponatur
585 2857 689 2915 hianda
702 2858 838 2934 tragoedo,

153 2935 280 2994 Vulnera
294 2954 344 2993 seu
358 2935 457 2994 Parthi
470 2936 601 2994 ducentis
615 2936 651 2993 ab
664 2935 782 3012 inguine
797 2937 911 2994 ferrum.

190 3015 338 3078 Quorsum
349 3015 432 3072 haeol
454 3024 503 3073 aut
515 3026 635 3092 quantas
648 3015 755 3073 robusti
770 3015 904 3073 carminis
916 3014 987 3074 offas
1117 3017 1140 3074 ὅ

155 3093 273 3171 lugeris,
287 3105 319 3152 ut
331 3113 382 3172 par
396 3095 433 3152 sit
445 3106 568 3153 oenteno
580 3105 694 3171 gutture
707 3093 781 3153 nitil

151 3173 269 3231 Grande
281 3172 403 3232 loeutnri
417 3174 536 3230 nebulas
550 3173 691 3230 Helieone
703 3172 830 3248 legunto,

153 3247 185 3308 Si
197 3251 301 3322 quibus
313 3260 363 3307 aut
377 3249 511 3318 Procnes,
526 3258 575 3303 aut
588 3249 612 3304 si
625 3249 727 3320 quibus
740 3249 797 3305 olla
811 3246 947 3320 Thyeste

153 3326 294 3396 Fervebit,
309 3343 383 3399 saepe
397 3324 505 3379 insulso
517 3324 660 3378 ooenanda
673 3323 803 3397 Glyooni.

152 3404 202 3462 Tu
213 3421 305 3478 neque
319 3399 472 3471 anhelanti,
486 3398 615 3473 eoquitur
627 3399 697 3455 durn
706 3417 805 3473 vmassa
818 3397 941 3473 eamino,
1101 3407 1139 3464 10

154 3482 234 3541 Folle
247 3481 351 3558 premis
365 3489 480 3548 ventos3
501 3496 557 3536 neo
570 3476 668 3534 clauso
681 3495 826 3542 murmure
839 3496 944 3538 rauons
980 3517 989 3534 .

154 3559 262 3618 Nescio
274 3559 343 3637 qnid
355 3568 451 3617 tenum
465 3577 549 3635 grave
560 3556 713 3615 corniearis
726 3553 839 3632 ineptd3

155 3635 221 3694 Nee
234 3639 343 3715 stloppo
355 3637 479 3696 tumidas
491 3637 616 3716 intendis
629 3653 759 3710 rumpere
773 3636 887 3696 buccas.

158 3712 252 3773 Verba
264 3725 337 3792 togae
351 3715 486 3791 sequeris,
496 3715 632 3789 juncturis
646 3714 766 3772 callidus
778 3715 848 3787 aori,
