2502 4284
160 273 221 336 1oe
496 272 526 322 Δ.
545 269 659 321 rsastt
675 267 799 320 rtscct

158 411 287 490 Fregerit
300 411 444 486 articulos,
457 401 560 472 veter'is
572 409 690 469 ramelia
703 409 759 488 fugi
772 427 778 466 ε

157 491 246 550 Tunc
259 509 370 550 crassos
383 490 519 550 transisse
532 489 603 563 dies,
614 489 764 565 lucemque
777 485 944 564 palustrem,
1103 484 1147 546 m

158 569 197 630 Et
209 569 263 629 sibi
275 569 334 646 jara
345 569 401 628 seri
414 570 500 627 vitam
514 566 681 644 ingemubrc
694 565 831 624 relictam.

197 647 280 706 Atto
290 647 437 708 nocturnis
448 647 527 724 juvet
540 646 733 722 impallescere
748 643 863 702 chartis.

158 725 258 785 Cultor
271 727 349 784 enim
360 725 498 802 juvenum
511 733 646 800 purgatas
657 721 757 780 inseris
771 739 855 780 aures

158 803 253 880 Fruge
267 803 434 863 cleanthes.
474 803 566 861 Petite
576 802 654 873 lriuc,
665 799 840 876 juvenesque
853 815 1002 876 senesque,

158 879 261 939 Finem
275 881 370 938 animo
382 891 501 952 cenum,
516 879 679 954 miserisque
694 877 796 935 viatica
808 877 896 936 cenis.

158 957 249 1015 ‘Cras
263 958 318 1016 hoc
331 957 397 1015 fiet'
438 957 521 1014 Idem
532 975 595 1015 crss
608 957 665 1014 liet.
708 955 829 1018 ‘Quidl
848 953 928 1032 quasi
941 971 1090 1032 magnum,

157 1035 271 1114 Nempe
285 1036 361 1094 diem
376 1036 466 1094 donas
475 1036 496 1092 l’
539 1035 596 1093 Sed
610 1053 698 1109 quum
711 1033 761 1091 lux
773 1033 863 1092 alters
876 1033 962 1105 venit,

158 1113 224 1172 Jam
238 1131 303 1172 crss
317 1114 480 1172 hesternum
494 1113 738 1188 consumpsimus:
759 1129 829 1170 ecce
843 1111 921 1170 eliud
934 1129 998 1168 cras

158 1191 257 1269 Egerit
271 1193 322 1251 bos
336 1211 434 1266 annos,
448 1203 478 1250 et
491 1210 603 1269 semper
615 1188 733 1267 peullrm
747 1191 800 1248 orit
811 1187 893 1248 ultrd.

158 1271 235 1329 Nem
248 1271 375 1347 quamvis
388 1290 474 1348 prope
488 1282 526 1343 te,
540 1269 667 1345 quamvis
680 1281 794 1328 temone
808 1268 863 1326 sub
876 1285 934 1328 uno
1104 1268 1147 1327 70

158 1349 325 1408 vertentem
340 1367 411 1422 sese,
426 1347 529 1408 frustrd
542 1349 688 1406 sectabere
702 1349 848 1419 canthum,

158 1429 259 1492 Quum
273 1440 334 1487 roto
346 1427 482 1505 posterior
495 1446 602 1499 curras,
616 1436 646 1485 et
658 1427 689 1484 in
702 1445 755 1484 sxe
768 1426 904 1484 secundo.

198 1506 343 1566 Libertate
355 1526 426 1584 opus
439 1517 491 1580 est,
502 1525 559 1565 non
573 1506 639 1577 hdo,
653 1523 737 1581 qusm
750 1515 782 1562 ct
797 1505 916 1582 quisque
929 1501 1035 1562 Velina

159 1585 278 1644 Publius
292 1586 422 1657 emeruit,
437 1584 597 1643 scabiosum
611 1584 750 1642 tesseruls
765 1583 806 1641 far

159 1663 296 1722 Possidet.
338 1663 405 1720 Heu
419 1663 528 1720 steriles
541 1662 610 1734 veri,
623 1662 726 1737 quibus
740 1681 797 1719 uns
809 1659 954 1724 Quiritem

159 1740 277 1816 vertigo
291 1741 375 1797 lacit!
398 1739 456 1797 Hic
470 1740 563 1797 Dsms
576 1750 620 1797 est
633 1758 690 1798 non
704 1741 801 1799 tressis
815 1759 911 1817 agaso,

159 1819 261 1894 Vuppa
273 1828 302 1876 et
314 1818 416 1894 lippus,
430 1829 459 1876 et
472 1818 502 1875 in
516 1818 594 1877 tenui
610 1817 751 1895 ferragine
765 1819 905 1876 mendax:

159 1897 284 1956 Verterit
298 1896 375 1954 huno
388 1895 529 1970 dominus,
544 1907 687 1955 momento
700 1897 821 1956 turbinis
834 1896 893 1954 erit

46 1975 49 1982 ’
160 1975 277 2034 Marcus
290 1973 392 2034 Dama.
434 1975 535 2052 Papae!
561 1975 661 2033 Marco
675 1977 841 2052 spondente,
855 1991 970 2032 recusas

159 2054 286 2112 Credere
298 2063 330 2110 tu
344 2056 493 2111 nummosl
513 2053 614 2112 Msroo
628 2054 683 2112 sub
698 2054 791 2112 'udioe
804 2054 912 2132 pellesl

159 2132 276 2190 Marcus
290 2132 379 2188 dixit:
401 2132 440 2189 its
452 2141 503 2190 est.
545 2133 679 2207 Assigne,
729 2151 803 2204 erce,
817 2131 943 2189 tabellas.

160 2210 234 2268 Herc
249 2227 328 2267 mera
340 2209 454 2266 libertas
466 2228 472 2265 :
495 2211 549 2268 hoc
563 2211 645 2267 nobis
661 2210 735 2286 pileo
748 2211 864 2268 donant.

159 2289 226 2345 ‘An
236 2287 384 2363 quisquam
398 2297 441 2346 est
454 2288 525 2346 alius
539 2288 620 2360 liber,
635 2287 690 2346 nisi
701 2290 806 2346 ducere
821 2288 906 2348 vitam

159 2367 217 2424 Cui
226 2367 304 2439 licet,
320 2377 351 2425 ut
363 2366 473 2425 voluitl
495 2367 571 2440 licet,
587 2378 618 2424 ut
634 2367 704 2439 volo,
716 2368 827 2425 rivere:
848 2385 906 2426 non
921 2363 974 2424 sim

159 2445 289 2505 Liberior
302 2445 390 2505 Bruto
400 2446 420 2504 l’
443 2443 584 2505 Mondosd
599 2445 719 2522 colligis,
735 2446 827 2522 inquit

159 2527 275 2584 Stoicus
289 2525 346 2597 bio,
360 2543 458 2584 aurern
470 2525 598 2584 mordaci
611 2525 685 2583 lotus
698 2536 788 2583 aceto.

159 2603 225 2662 Hoc
239 2603 379 2680 reliquum
394 2605 522 2678 accipio:
543 2604 609 2661 licet
622 2603 692 2660 illud
707 2614 736 2660 et
748 2611 781 2660 nt
794 2602 856 2660 colo
867 2601 942 2660 tolle.

159 2681 314 2739 ‘Vindicet
328 2692 476 2758 postquam
489 2699 599 2738 meuse
612 2693 731 2756 pretore
744 2681 859 2755 recessi,

159 2759 220 2815 Cur
233 2759 302 2816 mihi
316 2777 375 2816 non
389 2759 483 2830 liceot,
494 2759 578 2834 jussit
590 2759 779 2834 quodcunque
792 2759 932 2832 voluntas,

159 2834 298 2911 Excepto,
312 2835 336 2893 si
349 2837 418 2912 quid
432 2834 543 2894 Masuri
557 2837 671 2894 rubrica
681 2837 809 2894 vetavitl'

199 2912 302 2972 Disce!
325 2915 376 2974 red
390 2915 431 2974 ira
443 2915 528 2974 cedst
541 2933 611 2974 naso
624 2933 782 2992 rugosoque
796 2935 896 2990 sanna,

160 2991 239 3050 Dum
248 3003 357 3054 veteres
370 2995 448 3054 avias
461 2994 512 3053 tibi
526 2995 562 3054 de
575 2995 709 3072 pulmone
722 2995 834 3054 revello.

159 3071 228 3130 Nou
242 3074 369 3150 praetoris
381 3085 442 3134 erat
456 3073 549 3133 stultis
562 3075 630 3134 dare
643 3074 741 3133 tenuia
750 3092 846 3133 rernm

159 3151 274 3226 Officio,
288 3165 373 3231 atque
383 3171 467 3212 usum
482 3153 587 3229 rapide
600 3154 762 3230 permittere
775 3155 847 3212 vitre.

160 3231 337 3288 Sambucsns
348 3229 434 3288 eitlds
446 3231 540 3288 caloni
551 3231 689 3305 aptaveris
703 3231 767 3288 ulto.

160 3309 223 3366 Stet
235 3306 336 3366 oontrd
350 3307 430 3377 retis,
443 3317 474 3362 et
486 3317 625 3362 secretam
640 3307 741 3380 gannit
752 3308 782 3363 in
796 3321 905 3374 aurem,

159 3383 208 3443 Ne
221 3383 306 3442 liceat
319 3383 411 3440 facere
421 3382 462 3454 id,
475 3381 550 3456 quod
560 3381 623 3457 quis
637 3382 744 3439 vitiabit
757 3381 876 3458 egendo.

160 3463 281 3524 Publica
293 3462 339 3520 lex
353 3459 499 3519 hominum
511 3469 667 3534 naturaque
681 3459 809 3524 continet
823 3459 878 3520 hoc
893 3461 935 3520 fas

160 3541 200 3600 Ut
212 3553 310 3602 teneat
322 3540 423 3600 vetitos
438 3538 550 3598 inscitia
563 3538 665 3597 debilis
676 3547 764 3597 actus.

161 3619 256 3679 Diluis
270 3621 453 3696 helleborum,
469 3628 547 3678 certo
560 3635 740 3698 compescere
753 3627 862 3695 puncto

161 3696 286 3756 Nescius
299 3699 438 3757 examen?
457 3707 534 3755 vetat
546 3699 602 3756 hoo
615 3709 716 3756 natura
729 3697 871 3762 medendi.

161 3773 191 3834 N
193 3792 273 3834 avem
287 3775 311 3834 ri
324 3785 422 3852 poscet
434 3774 488 3831 sibi
501 3787 655 3852 peronatus
668 3787 760 3835 arctor
