2494 4274
512 265 637 316 SATIRA
654 266 675 313 1.

98 408 200 470 Quem
215 407 320 483 patitur
334 405 457 485 dormire
470 407 560 466 nurus
573 417 718 484 corruptor
733 426 833 480 avara,

98 487 198 548 Quem
212 504 323 562 sponsae
338 495 444 560 turpes,
459 498 488 544 et
501 499 682 562 pretextatus
696 487 825 545 adulterl

99 566 131 622 Si
146 575 249 622 natura
262 575 357 640 negat,
373 564 440 621 facit
454 566 611 640 indignatio
625 584 746 640 versum,

98 643 341 717 Qualemcunque
355 653 456 717 potest,
470 643 568 718 quales
581 663 644 718 ego,
659 643 702 700 vel
716 643 914 734 cluvieuusq

140 719 255 795 Exque
268 719 437 792 Deucalion,
452 721 557 778 nimbis
572 722 735 778 tollentibus
749 741 853 796 equor,
887 717 895 740 ⁸

91 798 224 874 tNavigio
238 808 363 854 montem
379 800 516 871 ascendit,
531 811 675 874 sortesque
688 799 826 875 poposcit,

99 876 297 951 Paulatimque
311 877 407 934 anima
420 879 568 936 caluerunt
583 879 677 936 mollia
690 897 767 950 saxa,

100 955 138 1012 Et
151 955 278 1011 maribus
292 956 384 1012 nudas
396 957 520 1014 ostendit
534 957 641 1031 Pyrrha
654 957 779 1031 puellas:

100 1033 252 1107 Quidquid
267 1044 356 1108 agunt
369 1035 507 1106 homines,
522 1046 627 1106 votum,
641 1036 734 1105 timer,
749 1035 800 1109 ira,
814 1034 952 1112 voluptas,

100 1111 223 1182 Gaudia,
238 1111 391 1182 discursus,
406 1114 493 1170 nostri
507 1125 550 1170 est
563 1114 673 1188 farrago
686 1113 781 1172 libelli.

101 1189 139 1247 Et
153 1189 267 1263 quando
282 1190 393 1246 uberior
408 1191 536 1248 vitiorum
551 1192 652 1266 copial
671 1193 785 1266 quando

102 1267 195 1342 Major
210 1267 332 1324 avaritiae
347 1269 436 1343 patuit
450 1270 551 1326 sinusl
572 1271 635 1328 alea
648 1270 762 1345 quaudo

101 1346 164 1406 Hos
178 1347 308 1404 animosi
348 1345 451 1421 Neque
466 1348 543 1405 enim
558 1348 657 1406 loculis
672 1348 872 1406 comitantibus
885 1347 943 1408 itur

103 1425 151 1481 Ad
168 1443 267 1482 casum
282 1425 395 1494 tabulae,
409 1426 502 1499 posita
516 1427 566 1481 sed
580 1427 685 1482 luditur
699 1427 774 1483 ared.

104 1503 208 1559 Proelia
222 1513 327 1577 quanta
341 1501 400 1558 illic
414 1503 607 1578 dispensatore
622 1502 730 1560 videbis

102 1581 270 1658 Armigerol
294 1580 459 1655 Simplexue
474 1581 550 1638 surer
564 1581 692 1638 sestertia
706 1591 823 1638 centnm

82 1674 84 1685 ¹
102 1659 235 1729 Perdere,
249 1671 277 1716 et
292 1659 417 1716 horrenti
431 1659 558 1717 tunicam
572 1679 629 1717 non
644 1660 762 1718 reddere
776 1660 878 1744 seriel

100 1739 177 1799 Quis
192 1739 311 1795 totidem
326 1737 416 1794 erexit
429 1739 528 1795 villasl
548 1739 611 1813 quis
625 1739 735 1796 fercula
746 1733 856 1814 s‘e'ptem

103 1819 221 1874 Secreto
235 1816 356 1872 coeuavit
370 1818 458 1873 avusl
498 1816 528 1874 N
530 1835 586 1874 unc
600 1818 723 1892 sportula
737 1816 828 1892 primo

102 1895 214 1952 Limine
229 1913 313 1970 parva
326 1895 415 1965 sedet,
429 1896 519 1952 turbae
533 1896 668 1970 rapienda
682 1907 793 1970 togata.
964 1963 969 1977 Ι

103 1973 155 2030 lile
170 1985 266 2030 tamen
283 1973 383 2028 faciem
398 1971 477 2048 priris
493 1974 616 2050 inspicit,
631 1987 659 2030 et
672 1974 804 2048 trepidat,
818 1991 855 2031 ue
939 1999 970 2036 ar

104 2053 272 2128 Suppositus
286 2051 393 2122 venias,
408 2071 442 2108 ac
456 2051 525 2110 laiso
539 2053 653 2109 nornine
668 2071 776 2127 poscas.

103 2131 230 2206 Agnitus
244 2129 376 2204 accipies.
396 2129 482 2188 Jubet
496 2149 512 2188 a
525 2149 656 2206 precone
671 2131 764 2190 vocari

104 2209 185 2284 Ipsos
199 2208 399 2284 Troiugenas:
420 2228 487 2266 narn
501 2221 604 2268 vexant
616 2210 704 2268 limen
718 2221 747 2266 et
762 2209 815 2285 ipsi

103 2287 272 2346 Nobiscum.
313 2286 359 2342 Da
371 2287 493 2362 pretori,
508 2288 545 2344 da
557 2288 661 2346 deinde
675 2287 806 2348 tribuno!

105 2367 162 2424 Sed
177 2365 326 2422 libertinus
339 2366 413 2440 prior
427 2376 477 2422 est.
503 2366 593 2438 Prior,
608 2366 709 2440 iuquit,
724 2385 778 2442 ego
792 2368 901 2426 adsum.

104 2445 164 2502 Cur
179 2444 303 2514 timeam,
318 2443 479 2501 dubitemve
493 2444 589 2500 locum
603 2443 766 2514 defendere,
781 2446 909 2519 quamvis

103 2521 198 2580 Natus
212 2522 249 2579 ad
263 2521 438 2597 Euphraten,
453 2521 551 2578 molles
565 2522 639 2596 quod
653 2522 683 2577 in
698 2540 765 2578 aure
779 2522 909 2578 fenestra

104 2601 272 2678 Arguerint,
284 2599 353 2657 licdt
365 2601 425 2676 ipse
439 2602 561 2676 uegeml
602 2599 660 2658 Sed
675 2599 799 2676 quinque
814 2599 940 2660 taberna

102 2681 325 2754 Quadringenta
337 2690 445 2753 parant.
485 2679 567 2740 Quid
581 2680 691 2736 confert
703 2695 827 2756 purpura
840 2679 929 2757 major

102 2759 281 2836 Optandum,
295 2757 319 2813 si
333 2757 468 2814 Laurenti
482 2759 606 2816 custodit
619 2759 649 2815 in
663 2777 731 2834 agro

103 2840 270 2897 Conductas
284 2835 423 2894 Corvinus
436 2838 521 2894 ovesl
561 2837 624 2912 Ego
637 2837 841 2912 possideeplus
1036 2840 1093 2898 100

102 2917 234 2975 Pallante
248 2926 277 2972 et
290 2899 625 2994 LicinisQExspectent
637 2935 706 2990 ergo
719 2915 846 2973 tribuni:

102 2997 231 3053 Vincant
245 2993 365 3051 divitia:
387 3012 467 3050 sacro
481 3013 535 3051 nec
550 2995 633 3050 cedat
647 2993 755 3064 honori,

102 3074 205 3149 Nuper
219 3073 248 3130 in
265 3074 339 3128 hanc
354 3073 453 3128 urbem
466 3072 588 3144 pedibus
601 3072 650 3143 qui
663 3081 779 3126 venerat
792 3070 881 3139 albis3

100 3151 346 3226 Quandoquidem
360 3151 433 3206 inter
448 3167 499 3204 nos
513 3147 691 3203 sanctissima
704 3146 876 3204 Divitiarunr

103 3231 257 3306 Majestas;
279 3229 342 3298 etsi,
358 3225 621 3296 lunestaPecunia,
635 3225 739 3301 temple
1035 3227 1092 3288 105

103 3309 243 3366 Nondum
258 3307 377 3379 habitas,
392 3305 485 3362 nullas
498 3323 678 3362 nummorum
692 3305 834 3364 ereximus
848 3324 911 3366 aras
964 3349 966 3353 ,

102 3387 144 3446 Ut
158 3387 259 3445 colitur
275 3386 343 3456 Pax,
358 3396 441 3459 atque
456 3383 552 3454 Fides,
567 3383 703 3456 Victoria,
718 3384 826 3458 Virtus,

101 3467 236 3541 Quaque
250 3464 370 3522 salutato
383 3463 503 3539 crepitat
516 3463 677 3520 Concordia
690 3463 767 3521 uido.

145 3545 202 3603 Sed
215 3561 303 3618 quum
320 3561 446 3600 summus
460 3543 549 3600 honor
563 3541 642 3599 finito
656 3551 800 3614 computet
814 3560 900 3613 anno,

103 3623 238 3700 Sportula
250 3620 319 3698 quid
333 3621 445 3691 referat,
459 3630 595 3696 quantum
609 3619 765 3676 rationibus
779 3617 880 3690 addat3
1034 3621 1091 3680 11⁰

101 3703 186 3764 Quid
201 3701 307 3759 sacient
321 3698 448 3768 comites,
462 3699 564 3772 quibus
578 3697 646 3754 binc
660 3708 734 3772 toga,
749 3697 863 3755 calceus
877 3696 944 3756 hinc
957 3706 1012 3772 est,

103 3781 143 3840 Et
156 3780 249 3860 panis,
264 3772 413 3854 fumusque
428 3776 524 3834 domil
565 3773 744 3834 Densissirna
757 3789 874 3854 centum
