2494 4274
143 229 185 290 Μ
457 229 489 278 D.
505 229 603 280 JUNll
619 229 814 280 JUVENALIS

144 369 217 428 Cras
231 370 308 429 bibet
322 371 443 429 Albanis
456 371 560 447 aliquid
575 373 611 428 de
626 371 779 443 montibus,
794 379 842 428 aut
855 370 891 428 de

145 449 261 521 Setinis,
276 448 357 524 cujus
367 451 486 526 patriam
500 451 667 523 titulumque
682 461 813 508 senectus

144 525 257 586 Delevit
270 527 360 586 multd
372 527 472 585 veteris
487 529 604 603 fuligine
618 539 695 585 testa
707 547 715 597 ;

143 603 238 666 Quale
253 607 378 664 coronati
392 604 521 664 Thrasea
536 605 739 680 Helvidiusque
754 605 888 663 bibebant

144 682 295 743 Brutorum
308 699 337 742 et
350 684 433 742 Cassi
448 686 596 743 natalibus.
639 683 703 759 lpse
724 703 844 760 capaces

143 760 297 820 Heliadum
311 775 429 834 crustas,
444 776 473 821 et
486 763 639 838 inaequales
653 763 757 836 beryllo

143 840 227 898 Virro
240 851 318 898 tenet
331 842 458 917 phialas:
479 842 529 899 tibi
545 860 601 898 non
616 842 800 898 committitur
815 857 933 911 aurum3

143 917 208 990 Vel,
221 919 245 976 si
259 920 372 995 quando
386 920 478 989 datur,
493 931 589 976 custos
600 919 702 976 affixus
713 919 829 993 ibidem,

142 996 204 1057 Qui
217 1007 348 1054 numeret
361 1015 497 1072 gemmas,
512 1016 677 1073 unguesque
691 998 819 1056 observet
839 1009 947 1058 acutos.

143 1071 188 1132 Da
201 1075 328 1133 veniam:
350 1075 485 1150 praeclara
498 1074 558 1132 illic
571 1076 701 1133 laudatur
715 1076 808 1152 iaspis.

144 1150 174 1209 N
176 1172 221 1210 arn
234 1153 327 1226 Virro,
342 1165 373 1217 ut
383 1155 474 1225 multi,
488 1173 615 1230 gemmas
629 1156 664 1212 ad
679 1155 781 1231 pocula
794 1155 926 1214 transfert

142 1232 170 1288 Α
187 1232 292 1308 digitis,
306 1249 376 1306 quas
390 1232 419 1289 iu
434 1233 543 1308 vagina
557 1233 647 1290 fronte
661 1233 768 1290 solebat

62 1367 67 1378 ,
142 1309 252 1368 Ponere
268 1310 395 1387 zelotypo
406 1310 517 1387 juvenis
529 1312 663 1386 praelatus
677 1310 775 1370 larbae.

142 1386 191 1444 Tu
206 1389 399 1446 Beneventani
414 1391 515 1448 sutoris
529 1409 632 1448 nomen
648 1390 800 1448 habentem

143 1467 271 1526 Siccabis
285 1467 403 1526 calicem
417 1488 549 1526 uasorum
564 1481 691 1544 quatuor,
706 1487 740 1526 ac
757 1469 816 1545 jam

140 1544 326 1616 Quassatam,
337 1558 366 1605 et
379 1559 460 1623 rupto
473 1559 635 1622 poscentem
650 1548 756 1604 sulfura
769 1548 848 1607 vitro.

143 1625 174 1681 Si
189 1626 350 1682 stomachus
364 1626 472 1682 domini
487 1626 574 1682 servet
587 1625 706 1699 vinoque
721 1626 860 1700 ciboque;
905 1639 971 1746 [A

144 1701 284 1776 Frigidior
297 1702 407 1759 Geticis
420 1704 523 1778 petitur
537 1703 656 1760 decocta
670 1703 788 1778 pruinis.
834 1731 844 1738 ·

181 1781 247 1838 Non
262 1781 361 1838 eadem
376 1782 453 1838 vobis
467 1779 533 1857 poni
547 1779 632 1839 modd
647 1783 711 1839 vina
724 1782 879 1857 querebar:

142 1857 201 1915 Vos
217 1860 301 1916 aliam
314 1860 416 1934 potatis
430 1877 538 1937 aquarn.
580 1860 649 1917 Tibi
663 1862 765 1937 pocula
777 1881 874 1920 cursor

142 1937 271 1995 Gaetulus
285 1938 362 1996 dabit
377 1949 425 1996 aut
437 1939 510 2014 nigri
525 1957 626 1996 manus
639 1959 720 1998 ossea
734 1938 839 2013 Mauri,

142 2014 180 2073 Et
193 2016 240 2074 cui
254 2036 303 2093 per
317 2018 439 2074 mediam
455 2017 526 2075 nolis
540 2037 689 2077 occurrere
704 2032 827 2091 noctem,

142 2094 262 2151 clivosa
276 2096 386 2153 veheris
400 2097 467 2152 dum
482 2115 530 2170 per
544 2110 726 2155 monumenta
740 2098 857 2156 Latine.

142 2172 209 2229 Flos
223 2174 301 2230 Asiae
316 2186 382 2231 ante
396 2173 498 2249 ipsum,
512 2176 601 2249 pretio
615 2176 720 2252 majore
734 2189 856 2252 paratus,

141 2248 240 2313 Quam
256 2251 307 2308 fuit
321 2264 349 2310 et
363 2253 443 2309 Tulli
457 2272 560 2310 census
573 2257 721 2330 pugnacis,
736 2266 764 2312 et
778 2255 865 2328 Anci,

142 2328 189 2402 Et,
203 2343 282 2388 nete
296 2342 419 2404 teneam,
435 2332 631 2389 Romanorum
645 2335 741 2391 omnia
755 2353 854 2408 regum

142 2407 263 2467 Frivola.
304 2410 392 2471 Quod
407 2429 494 2485 quum
508 2411 548 2468 ita
561 2411 606 2482 sit,
621 2422 651 2470 tu
662 2412 806 2469 Gaetulum
817 2411 1015 2488 Ganymedem

141 2487 278 2564 Respice,
288 2508 376 2565 quum
391 2490 476 2549 sities
517 2491 619 2548 Nescit
632 2502 673 2548 tot
686 2491 811 2549 millibus
824 2505 936 2568 emptus

141 2567 317 2644 Pauperibus
331 2570 450 2626 miscere
464 2588 550 2644 puer:
572 2570 622 2626 sed
638 2569 736 2639 forma,
751 2571 801 2626 sed
816 2581 885 2628 aetas

141 2644 239 2721 Digna
252 2646 411 2720 supercilio.
451 2647 578 2706 Quando
592 2647 627 2702 ad
642 2657 670 2702 te
683 2647 810 2721 pervenit
825 2647 891 2704 illel

139 2722 268 2785 Quando
282 2734 398 2780 vocatus
413 2725 493 2780 adest
507 2725 606 2780 calidae
620 2724 776 2798 gelidaeque
790 2725 940 2784 ministerl

140 2800 256 2875 Quippe
270 2801 433 2875 indignatur
447 2802 533 2857 veteri
547 2820 645 2876 parere
659 2802 767 2873 clienti,
791 2850 793 2854 .

140 2876 286 2954 Quddque
300 2879 404 2953 aliquid
418 2899 527 2955 poscas,
541 2891 571 2938 et
583 2877 659 2955 qudd
674 2899 704 2937 se
718 2891 809 2938 stante
823 2881 981 2940 recumbas.

141 2955 270 3014 Maxima
281 2976 400 3033 quaeque
414 2959 515 3015 domus
526 2961 613 3015 servis
626 2970 669 3016 est
683 2960 767 3035 plena
781 2961 917 3038 superbis.

180 3035 258 3095 Ecce
273 3037 345 3094 alius
359 3048 463 3112 quanto
475 3038 601 3114 porrexit
611 3057 754 3096 murmure
769 3057 871 3114 panem

140 3115 197 3173 Vix
210 3117 340 3189 fractum,
354 3117 450 3174 solidae
462 3117 520 3192 jam
534 3119 649 3176 mucida
663 3119 750 3175 frusta
763 3118 871 3192 fariuae,

139 3192 216 3254 Qum
230 3196 387 3268 genuinum
402 3197 519 3268 agitent,
534 3216 590 3253 non
606 3197 783 3254 admittentia
796 3195 938 3254 morsum!

140 3272 198 3327 Sed
213 3284 302 3340 tener,
317 3284 345 3328 et
359 3273 467 3340 niveus,
481 3273 613 3344 mollique
627 3274 738 3346 siligine
753 3275 844 3329 factus

90 3389 91 3393 η
141 3349 274 3405 Servatur
288 3349 421 3404 domino:
443 3347 570 3404 dextram
585 3348 716 3404 cohibere
730 3363 881 3408 memento.

141 3427 227 3484 Salva
240 3426 275 3482 sit
284 3426 408 3500 artocopi
418 3425 583 3482 reverentia.
625 3425 717 3500 Finge
732 3438 869 3485 tamenta

141 3503 351 3581 Improbulum3
374 3513 500 3578 superest
514 3501 581 3574 illic,
595 3503 643 3578 qui
657 3521 761 3578 ponere
775 3517 867 3582 cogat.

140 3583 192 3640 vis
206 3595 236 3640 tu
251 3581 393 3640 consuetis
408 3582 501 3638 audax
515 3583 633 3639 conviva
646 3583 776 3640 canistris

141 3660 266 3735 impleri,
281 3660 416 3735 panisque
430 3661 471 3716 tui
485 3662 596 3718 novisse
609 3661 755 3718 coloreml

140 3738 259 3798 Scilicet
272 3740 326 3796 hoc
341 3738 441 3810 suerat,
455 3741 665 3817 propterquod,
679 3740 755 3818 saepd
769 3743 868 3804 relicta
