2494 4274
252 629 927 708 D.JUN11JUVENALIS

508 887 673 932 nummata

404 1109 776 1175 SATIRARUM

436 1357 541 1411 LIBER
557 1361 725 1418 QUINTUS.

352 1589 816 1605 Ἤ

450 1789 609 1850 SATIRA
629 1789 717 1848 XIII.

134 1942 283 2002 Exnunno
296 1945 486 2020 quodeunque
500 1945 574 2002 malo
587 1946 782 2017 committitur,
797 1947 851 2022 ipai
954 1891 1054 2028 {At

94 2020 235 2097 Displicet
250 2022 366 2080 auctori.
408 2022 505 2079 Prima
517 2034 560 2080 et
574 2023 636 2079 haeo
651 2023 728 2093 ultio,
742 2021 818 2098 quod
832 2041 864 2082 aa
995 2027 997 2030 ’
1037 2029 1043 2035 ’

94 2099 200 2158 Judioe
215 2119 298 2159 nemo
312 2117 420 2158 noeens
432 2100 592 2171 absolvitur,
608 2101 734 2178 improba
743 2101 872 2177 quamvis

93 2177 195 2234 Gratia
209 2177 302 2235 fallaci
316 2178 447 2235 Praetoris
456 2177 553 2235 vioerit
567 2179 648 2236 urnii.

92 2254 177 2316 Quid
191 2255 297 2314 sentire
310 2267 394 2330 putas
407 2273 516 2327 omnes,
530 2256 660 2328 Calvine,
674 2258 784 2316 recenti
1060 2255 1083 2318 8

94 2331 141 2390 De
155 2332 272 2404 seelera,
286 2345 315 2390 et
328 2333 394 2392 fidei
405 2333 513 2392 violatae
524 2335 663 2392 'eriminei
704 2336 762 2393 Sed
776 2351 832 2394 neo

94 2409 172 2466 Tam
185 2411 280 2467 tenuis
293 2429 396 2468 oeneus
409 2412 460 2469 tibi
474 2412 603 2486 contigit,
618 2423 648 2468 ut
662 2412 813 2470 mediocria

94 2487 221 2545 Jacturae
235 2499 264 2544 te
278 2501 386 2564 merget
398 2508 487 2557 onus;
510 2507 564 2546 neo
577 2507 640 2545 rara
654 2489 791 2559 videmus,

93 2566 172 2627 Quae
187 2566 299 2640 pateris.
340 2567 432 2624 Casus
448 2567 543 2624 multis
557 2567 604 2623 hio
618 2566 758 2642 eognitus,
773 2583 808 2624 ae
817 2565 878 2642 jam

95 2643 206 2715 Tritus,
217 2656 246 2702 et
258 2664 275 2701 e
288 2646 383 2704 modio
396 2645 528 2702 Fortuna
542 2646 645 2702 duetus
659 2663 768 2704 acervo.
1046 2641 1083 2704 1⁰

94 2721 240 2778 Ponamus
254 2723 357 2780 nimios
370 2723 509 2799 gemitus:
531 2722 692 2800 flagrantior
706 2742 787 2800 equo

95 2797 164 2857 Non
179 2800 263 2857 debet
276 2801 354 2858 dolor
369 2821 431 2859 esse
445 2803 505 2873 viri,
520 2821 575 2860 neo
589 2803 705 2861 vulnere
719 2803 815 2880 major.

94 2876 145 2934 Tu
159 2878 285 2951 quamvis
297 2877 401 2936 levium
416 2880 562 2938 minimam
576 2881 764 2956 exiguamque
778 2877 917 2940 matonam

95 2953 268 3012 PartiouIam
283 2956 328 3013 vix
342 2957 414 3014 serre
428 2969 517 3032 potes,
532 2978 545 3014 a
565 2958 728 3014 umentibus
743 2959 847 3014 ardena

95 3032 271 3104 Viaoeribus,
285 3053 397 3090 eaerum
411 3035 462 3090 tibi
475 3031 532 3106 quo
566 3051 624 3088 non
637 3033 861 3089 reddatamioua
1047 3033 1083 3090 16

96 3108 272 3184 Depositum.
315 3111 416 3183 Stupet
430 3111 502 3178 haeo,
512 3109 561 3180 qui
572 3108 632 3181 jam
645 3117 708 3180 post
721 3117 801 3181 tergo
814 3105 928 3180 reliquit

97 3189 251 3262 Sexaginta
264 3205 365 3256 annos,
380 3183 499 3242 Fonteio
513 3183 638 3240 Consule
653 3184 755 3242 natusI

97 3266 146 3322 An
160 3266 229 3322 nihii
244 3266 274 3322 in
286 3264 387 3322 melius
400 3273 441 3320 tot
454 3279 548 3319 reruni
562 3261 675 3338 proficis
690 3262 762 3320 usui

97 3342 206 3418 Magna
218 3344 343 3417 quidem,
357 3342 445 3400 saonis
459 3359 522 3415 quae
535 3342 583 3398 dat
596 3353 736 3418 praeoeptn
748 3341 860 3416 libeliis,

96 3420 208 3478 Victrix
222 3419 355 3478 Fortunae
369 3420 523 3496 Sapientia„
564 3419 705 3478 Duoimus
719 3429 815 3478 autem
1043 3415 1084 3474 20

97 3500 160 3556 Hos
174 3516 284 3572 quoque
297 3498 405 3570 selioes,
418 3499 466 3574 qui
482 3499 552 3556 ferre
567 3497 834 3567 incommodantes,

97 3575 162 3634 Neo
173 3575 281 3651 jactare
292 3575 403 3648 jugum,
414 3577 471 3634 vitt
483 3574 611 3634 didicere
625 3572 768 3646 magistra.

96 3654 174 3715 Quae
188 3663 248 3710 tam
262 3651 334 3709 festa
347 3652 418 3721 dies,
432 3663 463 3710 ut
476 3662 570 3710 oasset
582 3651 701 3726 prodere
715 3648 816 3721 furam,

98 3731 260 3803 Perfidiam,
275 3729 398 3795 fraudes.
412 3739 496 3802 atquo
508 3727 586 3784 omni
600 3746 636 3784 ex
649 3725 769 3786 erimine
781 3727 894 3788 tuorum
