2494 4274
164 267 204 326 44
478 265 511 314 n.
528 265 837 316 ruurrruvaumrs

164 405 202 464 Ut
216 417 244 465 te
258 405 430 483 conciperet,
444 427 506 483 quae
520 409 660 485 sanguine
676 409 762 486 fulget
776 407 848 478 Iuli;

163 484 231 542 Non
245 503 307 560 qure
321 497 437 544 ventoso
449 487 592 544 conducta
605 489 659 544 sub
672 507 775 562 aggere
789 487 867 545 texit.

166 564 223 621 Vos
238 564 368 635 humiles,
383 563 486 640 inquis,
500 565 577 641 vulgi
590 585 655 642 pars
669 565 769 623 ultima
783 566 881 638 nostri,

161 641 296 701 Quorum
310 661 395 700 nemo
409 654 494 718 queat
506 643 626 720 patriam
640 655 797 702 monstrare
810 643 953 719 percutiar

163 721 219 778 Ast
232 739 287 796 ego
300 720 481 798 Cecropides.
523 722 620 792 Vivus,
634 732 663 779 et
676 721 794 798 originis
808 722 892 797 hujus

162 797 276 856 Gaudia
288 799 373 875 longa
386 799 477 870 seras;
498 811 594 858 tamen
608 801 666 857 ime
679 799 761 876 plebe
773 800 921 863 Quiritem

163 875 333 934 Facundum
347 877 494 935 invenies:
515 879 587 936 solet
600 880 648 935 hic
662 879 815 937 defendere
828 897 929 937 causas

162 953 275 1012 Nobilis
288 954 404 1012 indocti.
446 955 552 1014 Veniet
565 956 601 1014 de
616 956 699 1032 plebe
712 959 819 1034 togate,
935 1015 937 1020 .

160 1031 223 1094 Qui
234 1030 306 1108 juris
319 1035 409 1091 nodos
422 1044 451 1090 et
464 1033 559 1110 legum
574 1035 725 1111 enigmata
737 1037 833 1093 solvat.

162 1108 221 1167 ilic
235 1111 304 1185 petit
318 1109 483 1187 Euphraten
495 1113 618 1188 juvenis,
633 1115 788 1188 domitique
802 1114 901 1172 Batavi

162 1189 303 1246 Custodes
318 1191 434 1264 aquilas,
449 1192 535 1262 armis
549 1191 720 1261 industrius;
742 1204 770 1249 at
783 1204 814 1250 tu

161 1266 222 1337 Nil,
237 1267 291 1326 nisi
306 1268 489 1345 Cecropides,
504 1260 661 1344 trundcque
673 1271 832 1328 simillimus
846 1269 971 1329 Herma.

161 1345 248 1404 Nullo
261 1347 364 1423 quippe
378 1347 433 1406 alio
447 1347 538 1405 vincis
551 1348 725 1421 discrimine,
736 1348 820 1426 qudrn
835 1345 913 1424 qubd

161 1423 208 1482 Illi
222 1443 409 1483 marmoreum
424 1437 510 1503 caput
520 1439 573 1499 est,
587 1439 637 1486 tua
650 1427 718 1485 vivit
731 1429 832 1504 imego.

160 1502 217 1561 Dic
230 1505 310 1576 mibi,
325 1503 505 1564 Teucrorum
516 1506 618 1582 proles,
633 1507 766 1564 animalia
781 1517 860 1564 muta

159 1583 237 1644 Quis
249 1602 387 1659 generosa
400 1596 489 1660 putet,
504 1585 559 1641 nisi
573 1585 654 1642 sortia
666 1587 677 1640 l
697 1603 800 1659 nempe
813 1585 958 1643 volucrem

161 1661 211 1718 Sic
224 1661 372 1718 laudamus
386 1681 500 1736 equum,
515 1662 592 1718 sacili
605 1663 653 1718 cui
668 1662 789 1737 plurima
801 1663 896 1739 palma

160 1738 272 1810 Fervet,
286 1749 315 1796 et
328 1739 449 1796 exsultat
462 1757 550 1798 rauco
564 1740 680 1798 victoria
692 1740 789 1800 Circo.

159 1816 272 1874 Nobilis
286 1816 343 1888 hic,
357 1836 527 1892 quocunque
541 1819 619 1875 venit
632 1819 668 1876 de
681 1821 819 1895 gramine,
834 1820 916 1898 cujus

160 1893 246 1952 Clara
260 1896 327 1972 suga
339 1907 405 1953 ante
419 1897 498 1968 alios,
509 1908 539 1954 et
551 1899 659 1972 primus
672 1898 702 1955 in
716 1917 826 1974 equore
840 1900 948 1975 pulvis:

160 1974 218 2030 Sed
232 1975 330 2032 venale
344 1993 432 2049 pecus
446 1976 590 2051 Corythus,
600 1977 749 2052 posteritas
762 1988 791 2036 et

160 2052 286 2127 Hirpini,
301 2054 325 2110 ri
339 2072 402 2110 rara
413 2053 484 2130 jugo
498 2055 615 2112 victoria
629 2057 709 2114 sedit.

160 2130 209 2187 Nil
224 2131 262 2188 ibi
277 2131 414 2206 majorum
429 2144 583 2207 respectus,
598 2135 687 2210 gratia
702 2134 781 2193 nulla

158 2208 348 2266 Umbrarum:
369 2210 499 2268 dominos
512 2213 609 2287 pretiis
623 2226 731 2271 mutare
742 2213 879 2288 jubentur
1105 2215 1148 2274 65

159 2287 288 2364 Exiguis,
303 2288 422 2364 tritoque
436 2291 551 2348 trahrmt
565 2291 690 2365 epiredie
704 2292 777 2350 collo

159 2365 346 2442 Segnipedes,
360 2367 496 2444 dignique
510 2369 613 2426 molem
627 2389 737 2428 versare
751 2370 880 2446 Nepotis.

158 2441 247 2521 Ergb,
261 2457 293 2504 ut
306 2446 440 2504 miremur
454 2459 492 2519 te,
506 2467 564 2505 non
579 2459 637 2520 tua,
651 2447 774 2525 primdm
789 2450 893 2524 aliquid
908 2452 955 2522 da,

157 2523 246 2585 Quod
259 2526 364 2602 possim
379 2526 468 2584 titulis
482 2527 608 2585 incidere
621 2541 723 2604 preter
737 2529 868 2602 honores,

156 2603 241 2664 Quos
255 2603 311 2661 illis
325 2606 426 2662 damus
440 2617 468 2662 et
481 2606 621 2678 dedimus,
636 2607 738 2681 quibus
752 2607 848 2665 omnia
862 2608 958 2666 debes.
1104 2611 1145 2669 7⁰

197 2681 271 2739 Haec
284 2679 353 2740 satis
367 2684 402 2739 ad
414 2683 559 2759 juvenem,
573 2703 657 2759 quem
671 2684 752 2742 nobis
765 2685 839 2744 sama
853 2687 1006 2763 superbum

157 2759 269 2830 Tradit,
285 2771 314 2817 et
327 2759 465 2832 inflatum,
479 2761 650 2836 plenumque
665 2761 781 2821 Nerone
796 2766 963 2841 propinquo.

157 2835 254 2894 Rarus
268 2838 345 2895 enim
358 2835 446 2896 ferme
461 2857 563 2897 sensus
575 2842 734 2898 communis
748 2842 777 2900 in
792 2844 840 2900 illa

158 2914 293 2974 Fortunat.
336 2918 393 2975 Sed
407 2929 434 2978 te
445 2918 556 2976 censeri
570 2918 654 2976 laude
665 2931 788 2994 tuorum,
1109 2959 1112 2966 ι

156 2994 286 3070 Pontice,
301 2996 450 3069 noluerim,
467 2997 509 3056 sic
523 3009 555 3056 ut
568 2998 638 3056 nihil
653 2999 712 3076 ipsc
727 3000 828 3058 luturae
1098 3004 1139 3061 75

157 3073 264 3133 Laudis
279 3095 355 3153 agas.
396 3077 536 3136 Miserum
550 3085 593 3136 est
606 3079 725 3137 eliorum
739 3080 904 3138 incumbere
918 3079 1010 3154 samue,

156 3153 203 3210 Ne
217 3155 341 3231 collapsa
354 3169 438 3216 ruent
452 3158 600 3215 subductis
612 3170 687 3216 tecta
701 3158 850 3217 columnis.

158 3233 269 3290 Stratus
284 3235 362 3291 humi
376 3236 483 3310 palmes
497 3236 596 3291 viduas
609 3237 750 3294 desideret
765 3238 864 3293 ulmos.

156 3309 227 3365 Esto
241 3309 332 3366 bonus
345 3311 436 3380 miles,
450 3320 526 3367 tutor
540 3312 640 3381 mnus,
655 3313 759 3368 arbiter
772 3314 849 3369 idem

157 3385 281 3461 Integer.
322 3387 475 3460 Ambiguae
489 3386 640 3460 siquando
653 3388 777 3446 citabere
790 3388 870 3446 testis
1100 3395 1142 3455 m

157 3464 334 3539 laceraeque
348 3463 407 3533 rei;
429 3462 556 3520 Phalaris
570 3461 639 3521 licet
652 3465 781 3540 imperet,
796 3477 827 3524 ut
840 3466 879 3524 sis

158 3543 268 3614 Falsus,
283 3553 312 3601 et
327 3542 440 3600 admoto
454 3541 543 3601 dictet
556 3543 680 3619 perjuria
693 3553 783 3618 tauro,

158 3622 308 3679 Summum
322 3621 407 3679 crede
421 3621 501 3680 nesus
515 3624 638 3681 animam
651 3623 781 3698 preferre
795 3625 907 3702 pudori,

157 3697 196 3756 Et
208 3712 319 3775 propter
333 3701 417 3759 vitam
432 3701 542 3759 vivendi
555 3703 674 3778 perdere
687 3721 797 3762 causas

157 3775 271 3854 Dignus
283 3788 373 3837 morte
386 3779 469 3855 perit,
481 3791 576 3840 coenet
589 3778 659 3839 licet
670 3792 763 3842 ostrea
773 3793 893 3852 centum
1018 3843 1021 3848 .
1099 3789 1138 3848 85
