2494 4274
174 233 217 300 ss
489 237 523 287 n.
540 237 637 287 tumr
654 236 851 288 Juvnuums

177 379 215 438 Et
229 380 303 438 male
317 398 466 456 pereussos
479 380 594 440 textoris
607 381 721 456 pectine
734 380 808 438 Galli

177 459 356 536 Accipimus,
371 470 456 518 tenue
468 471 616 536 argentum
631 477 766 534 reumque
780 460 965 517 seeundo.-

176 540 266 601 Quod
280 549 375 596 tumen
391 537 509 595 ulterius
524 549 691 608 monstrum,
705 536 790 614 qudm
805 537 897 596 mollis
912 541 1034 599 svamsl

177 615 251 675 Heu
265 617 360 689 tribui,
375 616 479 674 deinde
493 618 540 674 illa
553 616 629 688 dedi,
645 635 709 674 mox
722 617 803 692 plura
816 617 913 675 tulisti.

177 695 331 771 Computnt
345 715 379 752 eo
391 705 482 753 eevet.
523 695 649 753 Ponatur
662 694 800 766 ealoulus,
815 696 909 754 adsint

177 774 254 830 Cum
265 774 362 832 tabuit
376 775 474 850 pueri:
495 792 614 830 numere
628 773 756 830 sestertia
769 773 893 848 quinque
918 776 920 782 '

176 851 321 909 Omnibus
334 853 364 910 in
378 853 480 910 rebus:
502 862 689 909 numerentur
699 851 804 908 deinde
826 852 986 910 laboren-
1051 907 1052 910 ,

177 929 237 986 Vos
251 929 350 986 humili
363 928 509 1001 ssseeulae,
523 948 571 986 vos
585 930 767 1006 indulgebitis
782 949 906 1006 unquam

177 1007 298 1079 Cultori,
310 1008 368 1084 jem
382 1027 437 1065 neo
450 1008 548 1065 morbo
562 1009 667 1066 donare
681 1008 770 1084 parati
782 1008 835 1065 l-

176 1083 244 1158 Dio,
257 1104 363 1161 passer,
377 1087 425 1143 oui
439 1097 480 1143 tot
494 1097 614 1159 montes,
629 1098 670 1144 tot
682 1087 789 1162 predia
802 1105 896 1145 serves

178 1164 301 1240 Appulu,
315 1176 356 1224 tot
371 1165 468 1222 milvos
480 1165 553 1222 intre
566 1176 615 1222 tua
628 1184 734 1241 pascua
747 1165 856 1222 lassosl

178 1241 224 1300 Te
239 1243 397 1301 Trifolinus
411 1263 478 1319 ager
492 1244 632 1300 soeoundis
648 1244 751 1301 vitibus
765 1245 871 1320 implet,
944 1265 946 1272 ¹

178 1321 405 1398 suspectumque
416 1322 516 1399 jugum
530 1322 641 1394 Cumis,
655 1333 684 1381 et
697 1324 809 1378 Gaurus
823 1322 924 1380 innuis.

178 1397 255 1458 Num
269 1401 332 1476 quis
346 1402 426 1477 plura
439 1402 502 1458 linit
515 1402 623 1459 victuro
637 1403 712 1459 doliu
726 1403 840 1458 mustol

177 1478 328 1541 Quantum
342 1491 403 1538 erat
417 1481 546 1538 exhausti
560 1481 670 1538 lumbos
684 1481 790 1536 donare
804 1481 916 1537 clientis

179 1557 197 1614 J
200 1559 334 1634 ugeribus
347 1559 463 1635 paneisl
485 1559 622 1614 meliusne
637 1559 684 1614 lrio
698 1560 819 1615 rusticus
831 1559 934 1631 infans,

179 1635 254 1691 Cum
269 1647 367 1707 mntre,
382 1647 410 1693 et
424 1637 537 1706 onsulis,
552 1647 579 1692 et
594 1637 732 1693 collusore
747 1637 857 1709 entello,

179 1712 318 1786 Cymbala
331 1714 468 1789 pulsantis
483 1714 606 1790 legatum
621 1713 669 1771 fiet
683 1714 787 1771 amicil

179 1789 328 1866 Improbus
342 1811 382 1863 es,
396 1811 481 1866 quum
497 1793 598 1868 poscis,
613 1793 673 1850 ais:
695 1794 745 1850 sed
759 1794 858 1868 pensio
873 1795 987 1868 elamat,

179 1869 286 1938 Posee;
308 1871 358 1928 sed
373 1870 492 1946 appellnt
506 1889 575 1946 puer
590 1872 701 1942 unieus,
717 1884 747 1929 ut
762 1872 926 1948 Polyphemi

180 1947 252 2006 Late
265 1950 351 2021 troies,
365 1969 416 2026 per
429 1967 513 2025 quarn
528 1950 625 2007 sollers
638 1952 727 2006 evasit
740 1951 844 2008 Ulixes

179 2027 261 2084 Alter
274 2030 412 2086 emendus
426 2029 495 2086 erit:
517 2048 638 2104 numque
654 2030 700 2086 hie
714 2049 771 2086 nou
786 2029 905 2086 suffieit:
920 2030 1004 2088 umbo

179 2105 328 2162 Pascendi.
369 2107 450 2168 Quid
465 2125 547 2182 agam
564 2108 683 2164 brumtil
705 2109 827 2182 spirante
841 2108 919 2180 quid,
933 2128 993 2180 oro,

170 2183 260 2243 Quid
274 2184 367 2241 dicam
381 2187 503 2260 scapulis
516 2205 667 2260 puerorum
683 2187 825 2260 Aquilone
840 2186 994 2244 Decembri

178 2260 216 2319 Et
229 2263 366 2336 pedibusl
387 2264 485 2320 durate
500 2276 582 2338 atque
597 2276 757 2340 exspectate
771 2265 906 2322 cicadasl

178 2339 297 2414 Verium,
312 2353 342 2400 ut
356 2343 526 2415 dissimules,
541 2355 572 2400 ut
588 2343 681 2400 mittas
695 2355 807 2414 estem,
819 2354 925 2417 quanto

178 2418 289 2479 Metiris
302 2421 402 2498 pretio,
416 2419 503 2497 qudd,
516 2423 545 2479 ni
561 2423 611 2479 tibi
625 2422 737 2480 deditus
751 2441 841 2479 essem

178 2499 359 2576 Devotusque
371 2501 473 2573 elisue,
488 2521 558 2559 uxor
572 2514 621 2559 tue
636 2503 714 2576 virgo
728 2511 857 2559 muneret
868 2502 920 2558 l·-

176 2574 323 2650 Instabile,
338 2598 372 2636 eo
386 2581 480 2637 dirimi
494 2591 627 2654 ereptum,
642 2593 670 2636 et
681 2581 739 2654 jam
753 2577 835 2656 paend
851 2580 975 2638 solutum

177 2656 351 2731 Coniugium
364 2658 394 2712 in
409 2659 505 2713 multis
519 2657 650 2713 domibus
664 2660 783 2714 servavit
797 2659 922 2716 adulteri

175 2731 246 2793 Qud
261 2744 288 2789 te
302 2735 504 2808 eircumngusl
525 2753 588 2807 qum
602 2735 692 2809 prima
706 2746 754 2791 aut
769 2737 868 2793 ultima
883 2739 993 2810 ponssl

175 2809 254 2865 Nmn
276 2808 345 2885 ergo
367 2813 501 2868 meritum
521 2823 575 2883 est,
596 2813 708 2887 ingrate
731 2831 765 2868 ae
779 2813 896 2888 perfide,
911 2816 1032 2886 nullum,

174 2885 266 2949 Qubd
280 2889 330 2946 tibi
344 2888 457 2961 filiolus,
471 2890 546 2963 quod
562 2889 618 2945 filia
632 2890 758 2946 nuscitur
773 2911 809 2948 ex
823 2909 869 2948 me
881 2893 892 2947 l

174 2963 266 3024 Tollis
281 2968 368 3041 enim,
383 2977 412 3024 et
425 2967 503 3025 libris
517 2979 644 3025 actorum
659 2987 790 3045 spargere
804 2972 913 3046 gaudes

174 3049 353 3124 Argumenta
368 3047 427 3104 viri.
470 3047 592 3105 Foribus
607 3050 749 3124 suspende
763 3068 893 3121 coronas,

174 3126 239 3183 Jam
253 3138 332 3203 pater
346 3145 396 3184 es:
418 3127 560 3198 dedimus,
574 3128 649 3202 quod
664 3128 745 3185 lamae
758 3149 899 3206 opponere
913 3128 1021 3205 possis:

173 3204 191 3261 J
195 3224 245 3262 urs
258 3207 383 3280 parentis
398 3206 495 3275 hobeS,
509 3217 621 3280 propter
635 3225 681 3264 me
695 3209 827 3265 scriberis
841 3209 940 3274 hoeres,

173 3281 314 3356 Legatum
327 3301 412 3340 omne
426 3282 515 3357 cepis,
529 3301 585 3339 neo
599 3304 656 3342 non
670 3297 698 3342 et
713 3286 797 3341 dulce
811 3285 960 3339 caducum.

172 3357 330 3417 Commoda
340 3370 473 3436 preterea
485 3360 641 3438 jungentur
654 3363 743 3418 multe
756 3360 881 3430 caducis,

172 3439 204 3495 Si
218 3456 379 3511 numerum,
394 3438 418 3495 si
432 3449 490 3496 tres
504 3439 664 3516 implevero.
705 3438 722 3493 J
726 3448 788 3494 usta
801 3437 914 3508 doloris,

171 3515 200 3572 N
204 3516 300 3588 evole,
315 3536 403 3574 eausa
416 3518 465 3574 tui.
508 3515 616 3575 Contrd
630 3528 725 3571 temen
739 3515 786 3571 ille
799 3515 867 3589 quid
881 3516 983 3574 sffertl

172 3593 310 3669 Negligit,
326 3607 409 3670 atque
423 3596 509 3652 alium
525 3596 655 3671 bipedem
670 3593 722 3649 sibi
737 3595 836 3667 quaerit
850 3596 978 3654 asellum.

212 3669 286 3726 Haee
302 3673 353 3730 soli
367 3673 519 3728 commissa
533 3675 584 3728 tibi
599 3673 692 3728 celare
707 3685 860 3746 memento,

166 3743 210 3804 -Et
223 3748 328 3805 tacitns
341 3759 452 3815 nostrus
466 3749 541 3806 intra
553 3761 581 3806 te
600 3749 655 3824 lige
669 3751 807 3824 querelas,
913 3817 915 3822 Ι

1119 3441 1161 3500 65
