2494 4274
471 283 595 333 sanum
613 283 687 334 XVI.

82 425 191 484 Sidere.
230 421 299 482 Plus
312 424 419 484 etenim
433 425 483 484 t'ati
496 425 569 484 valet
583 427 653 484 bora
667 427 794 506 benigni,

79 503 180 566 Quam
194 502 220 560 si
240 522 293 562 nos
314 502 436 566 Veneris
450 506 631 570 commendet
644 507 762 582 epistola
775 506 872 581 Marta,

79 581 118 640 Et
132 581 233 640 Samii
246 580 369 657 genitrix
383 600 445 656 quar
460 582 616 640 delectatur
630 585 724 642 areni.

118 659 280 718 Commoda
293 669 447 717 tractemus
459 659 582 734 primiun
597 663 769 735 communia,
784 681 904 737 quorum

79 737 169 796 Haud
184 736 333 794 minimum
346 737 416 795 illud
430 739 493 810 erit,
508 755 545 795 nc
557 749 586 795 te
599 740 712 814 pulsare
722 753 835 817 togatus

79 816 215 884 Audeat;
238 815 333 888 immo,
347 816 399 872 etsi
413 817 550 890 pulsetur,
564 816 732 890 dissimulet,
746 835 802 878 nec

78 895 197 952 Audeat
210 912 343 952 excussos
357 893 472 952 Praetori
483 895 633 952 ostendere
647 897 756 969 dentes,

78 972 119 1030 Et
133 971 245 1048 nigram
260 971 290 1028 in
305 971 377 1030 facie
390 973 507 1030 tumidis
520 972 654 1031 livoribus
666 975 761 1048 offam,

78 1051 177 1126 Atque
190 1049 306 1108 oculum
319 1050 431 1107 medico
448 1050 488 1108 nil
502 1051 681 1126 promittente
694 1051 833 1112 relictum.

79 1128 241 1186 Bardaicus
251 1128 340 1203 judex
353 1128 435 1185 datur
450 1129 512 1186 hae
527 1129 628 1204 punire
641 1130 746 1190 volenti

79 1206 215 1278 Calceus,
229 1218 258 1263 et
271 1208 394 1280 grandes
407 1225 512 1282 magna
525 1207 561 1264 ad
576 1207 709 1266 subsellia
722 1227 806 1282 surae,

80 1284 209 1360 Legibus
223 1283 345 1358 antiquis
358 1295 514 1342 castrorum
539 1296 568 1343 et
581 1304 659 1343 more
673 1285 787 1346 Camilli

80 1363 211 1434 Servate,
225 1361 307 1419 miles
320 1381 357 1420 ne
370 1363 475 1420 vallum
489 1363 579 1437 litiget
592 1373 672 1422 extra

79 1440 120 1498 Et
132 1440 232 1515 procul
247 1459 263 1497 a
276 1440 374 1516 signis.
416 1440 434 1497 J
437 1441 579 1497 ustissima
592 1441 801 1500 Centuriouum

80 1518 220 1594 Cognitio
233 1529 276 1576 est
290 1519 375 1594 igitur
390 1518 426 1575 de
440 1517 545 1586 milite;
566 1537 622 1575 nec
636 1518 705 1576 mihi
719 1519 810 1578 deerit

79 1596 170 1668 Ultio,
184 1597 208 1654 si
219 1597 302 1673 juste
317 1595 440 1654 defertur
453 1614 542 1654 causa
554 1597 684 1672 querele.

80 1674 162 1732 Tota
175 1676 276 1732 cohors
288 1685 385 1732 tamen
399 1686 442 1732 est
455 1675 581 1747 inimica,
594 1693 750 1751 omnesque
763 1674 881 1752 manipli

80 1752 234 1810 consensu
249 1771 354 1828 magno
368 1753 505 1826 efficiunt,
519 1753 653 1812 curabilis
668 1765 699 1811 ut
712 1755 748 1812 sit

79 1831 220 1888 Vindicta
233 1841 262 1889 et
276 1831 395 1906 gravior,
409 1829 495 1906 qudrn
508 1831 618 1908 injuria.
660 1831 788 1908 Dignum
802 1833 855 1891 erit
868 1829 937 1909 ergd

80 1908 289 1967 Declamatoris
302 1909 410 1967 mulino
423 1911 508 1967 corde
523 1908 549 1965 V
587 1909 645 1982 elli,

79 1987 185 2049 Quum
198 1988 256 2047 duo
268 2006 352 2044 crura
365 1987 479 2059 babeas,
493 1929 636 2045 offeirdere
649 1997 691 2044 tot
703 1987 820 2064 caligas,
833 1998 875 2045 tot

80 2064 177 2123 Millia
190 2065 341 2124 clavorum.
382 2065 459 2126 Quis
472 2075 530 2122 tarn
543 2065 640 2141 procul
655 2065 729 2123 absit
742 2065 778 2123 ab
791 2064 892 2124 Urbel

81 2143 225 2202 Praeterea
237 2145 300 2218 quis
313 2154 372 2200 tam
385 2143 514 2218 Pylades,
528 2143 630 2202 molem
645 2144 756 2220 aggeris
770 2142 843 2203 ultra

6 2265 7 2270 κ
81 2221 122 2280 Ut
136 2222 249 2279 veniatl
269 2220 401 2296 lacryma
415 2222 557 2280 siccentur
570 2233 714 2298 protenus,
729 2232 759 2281 et
771 2241 802 2281 se

81 2299 277 2359 Excusaturos
290 2319 349 2357 uon
364 2301 547 2359 sollicitemus
560 2301 675 2359 amicos.

84 2376 131 2435 Da
145 2389 257 2449 testem,
269 2377 359 2456 judex
371 2397 459 2452 quum
474 2379 592 2436 dixerit:
613 2380 716 2435 audeat
731 2378 788 2451 ille,

82 2455 194 2515 Nescio
206 2458 280 2530 quis,
294 2474 404 2532 pugnos
417 2457 465 2531 qui
479 2456 558 2528 vidit,
573 2456 679 2526 dicere,
694 2456 786 2512 vidit

82 2534 122 2591 Et
136 2536 252 2593 credam
267 2535 385 2609 dignum
399 2534 497 2607 barbd,
512 2535 686 2610 dignumque
700 2532 809 2608 capillis

83 2611 235 2690 Majorum.
276 2610 371 2670 Citius
384 2613 485 2670 falsum
499 2613 655 2688 producere
668 2621 768 2669 testem

82 2689 193 2749 Contra
204 2707 348 2768 paganum
361 2691 460 2768 possis,
475 2689 561 2766 quim
574 2709 641 2748 vera
654 2690 814 2765 loquentem

83 2767 193 2828 Contra
206 2770 346 2826 fortunam
359 2770 469 2841 armati,
483 2780 635 2845 contraque
649 2770 794 2845 pudorem.

82 2847 206 2905 Praemia
219 2864 297 2904 nunc
310 2847 374 2920 alia,
386 2856 469 2921 atque
482 2846 537 2905 alia
550 2848 741 2906 emolumenta
754 2859 885 2907 notemus

83 2927 343 2983 Sacramentomm.
384 2925 550 2983 Convellem
564 2926 636 2983 ruris
650 2925 715 2982 aviti

82 3003 244 3080 Improbus,
258 3014 306 3060 aut
319 3021 451 3079 campum
465 3003 533 3061 mihi
549 3003 572 3059 si
586 3003 697 3059 vicinus
711 3002 815 3058 ademit

82 3081 122 3139 Et
135 3099 250 3138 morum
263 3081 360 3140 effodit
372 3081 467 3139 medio
480 3081 516 3136 de
529 3079 618 3135 limite
632 3095 744 3148 saxum,

80 3158 173 3221 Quod
186 3177 251 3216 mea
263 3177 329 3216 curn
342 3158 436 3216 vetulo
449 3156 537 3214 coluit
550 3155 613 3232 puls
626 3170 722 3211 annua
734 3152 808 3223 libo;

82 3235 204 3296 Debitor
218 3247 267 3294 aut
280 3247 406 3314 sumptos
418 3233 510 3312 pergit
523 3253 581 3291 non
595 3232 713 3290 reddere
726 3248 867 3306 nummos,

82 3315 168 3372 Vana
181 3315 346 3390 supervacui
360 3315 460 3372 dicens
471 3312 658 3390 chirographa
669 3310 757 3389 ligni:

82 3392 299 3470 Exspectandus
312 3394 375 3466 erit,
389 3393 437 3469 qui
450 3391 513 3450 lites
527 3391 650 3466 inchoet,
664 3409 757 3450 annus

82 3471 189 3530 Totius
201 3471 317 3562 populi:
338 3472 389 3528 sed
401 3481 472 3529 tunc
485 3489 596 3547 quoque
610 3471 688 3528 mille
703 3469 820 3527 ferenda

82 3549 197 3621 Tedia,
211 3549 288 3607 mdle
303 3565 407 3616 morae;
428 3549 512 3608 toties
524 3549 658 3606 subsellia
671 3543 783 3602 tantbm

84 3629 278 3694 Sternuntur3
301 3625 356 3680 'am
372 3623 494 3684 facundo
507 3635 631 3702 ponente
644 3623 774 3678 lacernas

83 3705 224 3777 Caedicio,
238 3714 268 3762 et
281 3644 378 3760 desso
388 3701 445 3776 jam
460 3701 649 3772 micturiente,
662 3699 754 3774 parati

83 3783 280 3862 Digredimur,
293 3779 426 3856 lectique
440 3779 491 3838 sori
504 3795 665 3855 pugnamus
677 3777 765 3836 areni
