2494 4274
177 227 219 290 84
494 227 527 278 D.
542 225 641 278 sunu
656 225 720 278 tux
726 223 854 276 anans

177 367 256 428 Hinc
267 368 397 448 jejunum
410 369 516 430 odium.
557 369 616 428 Sed
628 368 722 446 jurgia
734 369 825 444 prima
837 385 940 427 sonus
1039 423 1041 428 .

177 446 325 525 Incipiunt
338 449 442 508 animis
454 449 634 508 udenubus:
657 448 719 505 hec
732 448 801 504 tuba
813 448 891 505 rinna.

177 525 253 585 Dein
268 527 391 586 clamore
404 528 465 606 pari
478 527 666 598 concurritur,
677 537 707 584 ct
720 526 782 584 vioe
795 525 845 584 teli

177 604 265 664 sevit
277 607 357 665 nuda
368 623 486 666 manus:
506 623 606 682 pauco
621 606 683 664 sine
696 604 812 662 ualuere
825 604 924 662 mein:

177 683 234 742 Vix
248 686 382 762 cuiquam
395 697 445 744 aut
457 686 529 744 uuili
542 695 601 744 toto
614 684 770 742 conamine
783 699 870 740 unus

177 761 302 840 integer.
344 763 518 841 Adspiceres
529 763 588 840 jam
602 773 708 820 cuncta
719 779 771 838 per
783 762 900 838 agnina
912 762 1006 820 vultus

177 839 330 914 Dimidios,
344 841 414 900 alias
428 843 525 914 iacies,
537 853 568 900 et
582 841 690 899 hiantia
702 839 791 916 ruptis

131 931 134 940 ·
176 917 252 976 Ossa
265 921 357 996 genis,
370 918 470 995 plenos
483 919 631 978 oculorum
645 917 785 995 sauguine
798 933 918 996 pugnos·

177 994 290 1056 Ludere
304 1016 335 1055 se
348 998 471 1056 credunt
484 998 537 1073 ipsi
551 1009 658 1069 tamen,
672 1007 702 1055 et
715 997 837 1072 pucriles

177 1074 318 1134 Exercere
332 1075 419 1148 acics,
433 1073 510 1152 qudd
524 1076 605 1135 nulla
618 1076 757 1134 caderem
768 1075 891 1134 calcent

177 1152 214 1210 Et
228 1151 297 1212 sanc
312 1151 368 1230 qud
382 1165 423 1214 tot
435 1156 555 1213 rixantis
568 1155 658 1212 miliia
671 1153 771 1226 turbae,

178 1232 210 1289 si
223 1234 320 1292 vivunt
332 1235 452 1293 omnent
485 1232 563 1310 urge
578 1235 669 1292 acrior
684 1234 815 1308 impetus,
829 1244 859 1290 et
870 1232 929 1308 jem

178 1311 253 1368 Saxa
267 1311 410 1370 inclinetis
423 1332 473 1389 per
487 1314 605 1370 humum
619 1312 736 1387 quesita
749 1311 863 1370 lacertis

178 1389 325 1467 Incipiunt
338 1403 477 1467 torquere,
492 1391 647 1450 domestica
660 1389 791 1448 seditioni

177 1467 264 1538 Tela;
285 1489 341 1528 nec
354 1470 432 1528 hunc
445 1470 577 1547 lapidem,
587 1470 684 1545 quales
697 1479 727 1526 et
739 1468 867 1540 Turnus,
880 1478 910 1526 ct
923 1467 1007 1544 Ajax,

178 1547 232 1605 Vel
246 1566 302 1623 quo
316 1547 446 1623 Tydides
459 1550 599 1626 percussit
612 1549 736 1624 pondere
750 1565 850 1604 coxam

178 1625 295 1694 AEneas3
317 1628 368 1682 sed
381 1645 465 1701 quem
477 1627 590 1684 valeant
602 1627 732 1684 emittere
747 1626 862 1698 dextra,

177 1701 237 1758 Illis
251 1704 402 1760 dissimiles
415 1715 445 1762 et
458 1715 553 1763 nostro
566 1715 692 1780 tempore
705 1715 788 1761 natac.

177 1779 252 1838 Nam
266 1799 358 1857 genus
371 1782 425 1840 hoc
439 1783 500 1840 vivo
511 1783 569 1858 jam
583 1783 767 1841 decrescebat
781 1779 915 1840 Homero.

176 1858 269 1916 Terre
283 1860 371 1918 malos
385 1860 513 1919 homines
527 1879 604 1920 nunc
617 1863 721 1919 educat
734 1872 817 1938 atque
830 1859 954 1936 pusillos.

176 1935 254 2015 Ergo
268 1940 347 2010 deus,
361 1940 524 2016 quicunque
537 1941 676 2017 adspexit,
690 1941 773 2011 ridet,
788 1952 817 1999 ct
829 1940 898 1998 odit.

217 2016 422 2077 Adeserticulo
434 2033 577 2095 repetetur
591 2021 695 2078 fabule.
736 2020 888 2094 Postquam

176 2095 317 2153 Subsidiis
330 2098 417 2168 aucti,
431 2117 496 2172 pars
510 2099 597 2157 altera
610 2115 739 2174 promere
753 2098 858 2155 ferrum

177 2173 282 2245 Audet,
297 2185 327 2231 et
341 2175 450 2232 infestis
463 2194 589 2252 pugnam
604 2178 760 2234 instaurare
774 2176 884 2251 sagittis
892 2195 899 2244 ;

176 2250 274 2328 'Perge
288 2253 361 2329 iuge
375 2254 463 2310 celeri
476 2255 674 2330 prestantibus
688 2255 821 2311 omnibus
835 2253 949 2326 instant,
1125 2255 1171 2311 75

174 2329 236 2391 Qui
252 2331 345 2390 vicina
356 2333 454 2391 colunt
469 2335 607 2391 umbrosae
621 2334 750 2408 Tentyra
762 2333 871 2408 palmae.

177 2407 294 2468 Labitur
308 2413 375 2470 hinc
388 2413 513 2486 qnidam,
528 2413 617 2472 nimiis
631 2413 781 2470 formidine
796 2429 911 2469 cursum

115 2522 116 2526 =
176 2487 368 2566 Praecipitans,
383 2492 566 2568 capiturque:
588 2503 630 2550 ast
644 2493 723 2549 illum
738 2493 767 2548 in
781 2492 902 2568 plurima
915 2500 1024 2547 sectum

175 2565 277 2626 Frusta
288 2582 315 2626 et
329 2572 489 2646 particulas,
504 2581 537 2628 ut
550 2573 646 2628 multis
660 2582 786 2627 mortuus
802 2588 876 2627 unus

175 2646 334 2717 Sufficeret,
350 2660 439 2704 totum
454 2650 574 2705 corrosis
587 2649 698 2706 ossibus
711 2649 770 2704 edit

175 2721 285 2779 Victrix
299 2725 396 2781 turba:
418 2743 474 2781 nec
488 2723 600 2782 ardenti
617 2727 730 2783 decoxit
741 2730 825 2797 adno,

173 2799 234 2856 Aut
249 2801 384 2868 verubus;
407 2801 521 2876 longum
536 2821 625 2877 usque
639 2802 711 2860 eded
725 2805 892 2878 tardumque
905 2804 1012 2880 putarit

173 2875 346 2954 Exspectare
362 2879 446 2953 focos,
461 2893 594 2939 contenta
608 2883 745 2938 cadavere
759 2883 856 2940 crudo.
975 2923 978 2928 -

173 2953 242 3029 Hic,
257 2959 382 3034 gaudere
396 2959 473 3032 libet,
487 2959 564 3036 qudd
579 2979 636 3019 non
650 2961 795 3018 violaverit
808 2961 914 3036 ignem,

171 3033 269 3095 Quem
284 3041 396 3098 summi
409 3041 474 3098 coeii
487 3051 599 3118 raptum
612 3041 649 3098 de
662 3041 940 3118 partcPrornethcus
1125 3041 1169 3099 85

173 3113 297 3176 Donavit
310 3122 398 3178 terris.
442 3117 591 3180 Elemento
604 3121 739 3196 munior,
754 3129 825 3178 otte

172 3189 324 3254 Exsultare
338 3217 408 3255 reor.
450 3199 508 3255 Sed
522 3202 570 3273 qui
584 3200 713 3256 mordere
727 3200 847 3255 cadaver

173 3273 325 3344 Sustinuit,
339 3275 379 3330 nil
393 3289 518 3346 unquam
534 3276 590 3330 hdo
603 3293 691 3330 carne
703 3273 840 3332 libentius
852 3273 922 3329 edit.

172 3350 250 3410 Nam
264 3349 371 3408 sceiere
385 3351 415 3407 in
430 3360 508 3406 tento
522 3367 559 3407 ne
573 3366 691 3422 queres,
706 3361 735 3406 et
748 3351 870 3420 dubites,
884 3365 922 3406 au

172 3431 270 3490 Prima
283 3426 453 3506 voluptatem
468 3427 535 3504 gula
549 3427 676 3485 senserit.
717 3427 843 3484 Ultimus
855 3438 961 3501 autem,
1121 3433 1167 3494 90

172 3510 233 3572 Qui
248 3508 324 3568 stetit
337 3508 486 3584 absumpto
497 3507 555 3584 jam
569 3517 628 3566 toto
641 3523 768 3584 corpore,
782 3507 877 3564 ductis

172 3589 228 3646 Per
241 3601 344 3648 terram
359 3587 464 3666 digitis,
479 3587 583 3664 aliquid
597 3588 633 3645 de
648 3585 787 3664 sanguine
800 3597 903 3664 gustat.

172 3665 329 3738 Vascones,
343 3668 406 3724 haec
420 3669 494 3724 fama
504 3679 557 3739 cst,
571 3668 712 3726 adimentis
725 3667 828 3725 talibus
841 3667 910 3726 olim

173 3741 337 3800 Produxcre
347 3745 473 3802 animas:
494 3747 545 3803 sed
558 3765 604 3804 rcs
617 3747 738 3820 diversa,
752 3747 802 3806 sed
816 3745 876 3806 illic
