2502 4284
167 289 233 350 ιω.
507 283 539 330 A.
556 279 669 332 rsasn
686 279 811 330 rancor

165 427 245 486 Tun'
259 443 337 484 mare
351 423 526 483 transsiliasl
545 423 608 494 tibi,
621 422 694 480 torta
708 421 839 480 omnebe
853 421 932 494 l'ulto,
963 437 967 444 ·
1042 439 1045 442 ·

165 505 258 564 Coena
271 505 308 562 sit
322 504 351 562 in
366 503 511 561 transtrol
551 501 802 574 Veientanumque
815 500 957 558 rubellum

165 582 288 642 Exhalat
302 581 404 658 vapidd
418 581 518 638 lesum
531 580 596 656 pice
610 577 704 636 fissilis
716 578 811 635 obbal

164 662 248 724 Quid
261 661 356 738 petisl
376 670 407 717 ut
421 659 542 729 nummi,
554 676 625 733 quos
638 654 688 714 hie
701 656 863 730 quincunce
876 657 1006 716 modesto

166 740 197 798 N
199 741 327 813 naiores,
341 747 461 814 pergant
474 738 571 794 avidos
584 735 687 794 sudare
699 734 847 792 deuncesl

166 817 290 893 Indulge
303 816 398 892 genio,
413 834 563 891 carpamus
576 813 690 871 dulcia:
710 822 839 870 nostrum
852 823 905 884 est,

165 895 255 957 Quod
270 895 357 951 vivis:
378 893 452 950 einis
465 906 494 952 et
506 911 605 950 manes
618 901 647 948 et
661 890 755 948 fabula
768 889 827 948 fies.

166 973 239 1031 Vive
253 990 359 1029 mernor
372 970 438 1028 leti:
459 970 530 1046 fugit
544 971 630 1028 hore:
652 969 717 1040 hoo,
727 969 803 1044 quod
813 967 921 1046 loquor,
935 969 1002 1028 inde
1015 980 1069 1028 est

206 1049 253 1107 En
266 1049 333 1123 quid
347 1048 430 1124 nglsl
451 1047 558 1124 duplici
571 1047 602 1106 in
616 1047 758 1104 diversum
773 1047 912 1106 scindetis
928 1049 1031 1106 hamo:
1223 1086 1224 1110 r

167 1125 323 1188 Hunccine
337 1144 374 1184 an
388 1127 465 1184 hunc
479 1124 628 1201 sequerisr
648 1125 751 1184 subeas
764 1125 889 1184 alternus
901 1136 1011 1202 oportet
1103 1127 1162 1184 155
1224 1180 1225 1198 ,

168 1206 297 1282 Ancipiti
311 1205 447 1280 obsequio
460 1205 590 1264 dominos
602 1224 609 1276 ;
631 1204 756 1262 alternus
768 1204 890 1262 oberres.
1224 1205 1225 1208 ’

168 1283 234 1342 Nec
248 1296 289 1356 tu,
304 1303 391 1359 quum
405 1283 546 1342 obstiteris
559 1282 657 1354 semel,
672 1281 847 1356 instantique
860 1282 976 1359 negrlris

168 1362 272 1422 Parere
287 1362 414 1438 imperio,
429 1363 508 1438 Rupi
518 1361 578 1438 jam
593 1361 717 1431 vincula,
731 1361 819 1418 dicas.

168 1439 199 1499 N
201 1461 247 1500 am
260 1453 289 1500 et
301 1442 408 1500 luctata
420 1441 501 1499 canis
515 1442 622 1500 nodum
636 1440 755 1516 abripit:
776 1449 900 1496 attamen
915 1439 965 1512 illi,

168 1519 270 1582 Quum
282 1521 362 1598 fugit,
377 1540 394 1578 a
407 1520 480 1578 collo
494 1521 612 1578 trahitur
626 1539 691 1595 pers
704 1520 789 1594 longa
802 1527 919 1576 catenae.
1102 1518 1163 1576 160

209 1599 299 1671 Dave,
313 1597 382 1670 cito,
397 1599 451 1656 hoc
465 1600 565 1657 eredas
574 1598 671 1673 jubeo,
685 1597 766 1657 linire
780 1595 891 1654 dolores

170 1676 331 1734 Preteritos
344 1677 481 1734 meditor:
504 1674 637 1749 (crudum
652 1679 858 1734 Chaerestratus
873 1693 998 1751 unguem

170 1753 321 1812 Abrodens
334 1754 373 1810 ait
387 1753 471 1831 hec.)
493 1771 528 1810 an
544 1755 629 1812 siccis
642 1756 767 1812 dedecus
779 1754 888 1810 obstem

170 1829 329 1907 Cognatisl
350 1849 386 1888 en
402 1850 461 1888 rem
475 1831 594 1907 patriam
609 1852 721 1892 rumore
735 1832 849 1890 sinistro

169 1908 272 1967 Limen
286 1910 322 1966 ad
335 1910 502 1968 obscenum
516 1910 654 1987 frangam,
665 1913 734 1968 dum
748 1910 896 1984 Chrysidis
909 1912 980 1970 udas
1104 1911 1163 1968 165

169 1987 274 2047 Ebrius
288 2001 353 2048 ante
367 1989 440 2048 sores
453 1989 593 2048 exstincte
607 2009 673 2048 cum
687 1992 748 2048 sace
762 1990 869 2048 cantol

170 2072 179 2098 ⁴
194 2067 286 2144 Euge,
300 2088 380 2144 puer,
395 2067 506 2144 sapias:
526 2068 571 2127 dis
585 2069 790 2145 depellentibus
805 2085 908 2144 agnam

170 2144 309 2202 Percute.'
351 2147 407 2202 Sed
423 2149 550 2218 censen’,
563 2148 692 2222 plorabit,
707 2147 796 2217 Dave,
810 2146 929 2212 relictal

171 2229 178 2255 ‘
194 2221 224 2276 N
227 2223 321 2297 ugeris
333 2243 339 2279 :
360 2224 437 2280 soleti
450 2243 520 2299 puer
533 2225 718 2302 objurgabere
733 2224 826 2281 rubria.

170 2298 217 2355 Ne
232 2301 372 2376 trepidare
386 2301 464 2373 velis,
478 2313 562 2376 atque
576 2316 668 2362 arctos
682 2304 780 2362 rodere
795 2321 899 2360 casses.
1119 2303 1160 2360 7⁰

170 2375 201 2435 N
204 2396 260 2435 une
274 2378 349 2435 serus
363 2391 392 2436 et
405 2379 530 2438 violens:
551 2392 589 2455 at,
604 2383 628 2440 si
642 2393 732 2454 vocet,
747 2382 822 2440 haud
836 2399 925 2452 mora,
939 2380 1028 2453 dicas,

170 2456 320 2519 Quidnam
334 2457 419 2532 igitur
433 2458 556 2518 faciaml
576 2479 613 2518 ne
628 2479 716 2533 nunc,
730 2478 817 2535 quum
828 2475 970 2533 accersor,
981 2470 1011 2516 et
1024 2457 1099 2518 ultro

172 2535 330 2612 Supplicat,
345 2537 480 2594 accedam
491 2539 503 2594 l
525 2540 548 2596 si
561 2551 637 2598 totus
650 2551 679 2597 et
693 2541 802 2615 integer
815 2537 895 2594 illino

171 2613 300 2688 Exieras,
315 2634 352 2673 ne
365 2618 461 2672 nunc?
504 2616 572 2688 Hic,
588 2618 645 2689 hic,
658 2636 742 2692 quem
756 2616 919 2692 querimus,
932 2615 982 2674 hic
995 2626 1055 2674 est:

171 2690 240 2748 Non
255 2689 284 2748 in
299 2693 418 2763 festuca,
432 2693 513 2750 lictor
526 2713 610 2767 quam
621 2695 710 2770 jactet
723 2695 843 2770 ineptus.
1101 2695 1160 2752 175

171 2768 225 2824 Jus
240 2769 326 2825 habet
339 2769 385 2824 ille
399 2770 444 2826 sui
457 2770 550 2843 palpo,
565 2790 649 2845 quem
662 2773 742 2830 ducit
756 2773 881 2830 hiantem

171 2844 287 2901 Cretata
301 2845 437 2902 ambitiol
478 2847 582 2922 Vigila,
596 2861 626 2906 et
639 2850 716 2908 oieer
730 2851 829 2926 ingere
843 2851 922 2927 large

171 2921 292 2981 Riranti
306 2921 418 2998 populo,
434 2936 530 2982 nostra
542 2937 574 2984 ut
588 2927 711 2986 Floralia
724 2928 831 3004 possint

172 2999 273 3078 Apriei
287 3003 448 3061 meminisse
463 3023 553 3062 senes.
594 3006 674 3069 Quid
688 3007 933 3083 pulchriusl—At
945 3024 1032 3083 quum

172 3079 296 3139 Herodis
310 3081 413 3142 vendre
427 3084 498 3156 dies,
513 3085 656 3159 unctdque
670 3085 793 3144 fenestra
1104 3086 1161 3144 180

172 3157 322 3236 Dispositae
335 3163 470 3239 pinguem
484 3164 617 3221 nebulam
631 3163 764 3222 vomuere
778 3165 912 3234 lucerne,

172 3238 320 3298 Portantes
335 3242 430 3312 violas,
445 3242 758 3315 rubrumque-amplexa
770 3243 896 3310 catinum

172 3318 277 3375 Gauda
289 3327 368 3390 natat
381 3318 491 3388 thynni,
506 3327 596 3372 tumet
609 3317 673 3372 alba
687 3318 784 3373 fidelia
797 3317 879 3372 vino:

173 3393 267 3452 Labra
280 3410 376 3448 moves
389 3391 502 3461 tacitus,
516 3391 691 3463 recutitaque
705 3393 821 3448 sabbata
833 3389 931 3464 palles.

173 3471 262 3530 Tunc
275 3467 350 3546 nigri
359 3468 491 3541 lemures,
506 3485 612 3542 ovoque
625 3467 753 3542 pericula
765 3478 865 3543 rupto:
883 3485 885 3490 ·
1104 3474 1162 3534 185

174 3550 255 3610 Hinc
268 3549 390 3627 grandes
403 3547 489 3622 Galli,
504 3558 612 3606 etcum
626 3545 707 3604 sistro
719 3545 800 3604 lusca
813 3548 955 3623 sacerdos,
1058 3589 1062 3596 ·

175 3627 329 3687 Incussere
343 3630 412 3688 deos
425 3627 556 3686 inflantes
570 3645 696 3704 corpora,
710 3626 735 3684 si
748 3645 806 3686 non

176 3702 349 3768 Praedictum
362 3719 404 3767 ter
418 3727 501 3766 mane
514 3719 600 3784 caput
613 3705 841 3784 gustaveriselli.
