<?xml version="1.0" encoding="UTF-8"?>
<!DOCTYPE html PUBLIC "-//W3C//DTD XHTML 1.0 Transitional//EN"
    "http://www.w3.org/TR/xhtml1/DTD/xhtml1-transitional.dtd">
<html xmlns="http://www.w3.org/1999/xhtml" xml:lang="en" lang="en">
 <head>
  <title>
</title>
<meta http-equiv="Content-Type" content="text/html;charset=utf-8" />
  <meta name='ocr-system' content='tesseract 3.04.00' />
  <meta name='ocr-capabilities' content='ocr_page ocr_carea ocr_par ocr_line ocrx_word'/>
</head>
<body>
  <div class='ocr_page' id='page_1' title='image "./decimijuniijuve02levegoog_0057.png"; bbox 0 0 2494 4274; ppageno 0'>
   <div class='ocr_carea' id='block_1_1' title="bbox 178 273 852 336">
    <p class='ocr_par' dir='ltr' id='par_1_1' title="bbox 178 273 852 336">
     <span class='ocr_line' id='line_1_1' title="bbox 178 273 852 336; baseline 0 -14"><span class='ocrx_word' id='word_1_1' title='bbox 178 275 219 336; x_wconf 72' lang='grc'>48</span> <span class='ocrx_word' id='word_1_2' title='bbox 491 273 524 322; x_wconf 86' lang='lat' dir='ltr'>D.</span> <span class='ocrx_word' id='word_1_3' title='bbox 541 273 639 324; x_wconf 76' lang='lat' dir='ltr'>suun</span> <span class='ocrx_word' id='word_1_4' title='bbox 655 273 852 323; x_wconf 69' lang='lat' dir='ltr'>iuvaturus</span> 
     </span>
    </p>
   </div>
   <div class='ocr_carea' id='block_1_2' title="bbox 111 411 1238 3865">
    <p class='ocr_par' dir='ltr' id='par_1_2' title="bbox 166 411 1238 3161">
     <span class='ocr_line' id='line_1_2' title="bbox 179 411 787 494; baseline -0.003 -18"><span class='ocrx_word' id='word_1_5' title='bbox 179 415 301 476; x_wconf 81' lang='lat' dir='ltr'>Electrae</span> <span class='ocrx_word' id='word_1_6' title='bbox 314 417 413 494; x_wconf 85' lang='lat' dir='ltr'>jugulo</span> <span class='ocrx_word' id='word_1_7' title='bbox 427 437 457 476; x_wconf 92' lang='lat' dir='ltr'>se</span> <span class='ocrx_word' id='word_1_8' title='bbox 470 411 580 494; x_wconf 92' lang='lat' dir='ltr'>polluit,</span> <span class='ocrx_word' id='word_1_9' title='bbox 592 428 641 475; x_wconf 84' lang='lat' dir='ltr'>aut</span> <span class='ocrx_word' id='word_1_10' title='bbox 655 417 787 494; x_wconf 85' lang='lat' dir='ltr'>Spartani</span> 
     </span>
     <span class='ocr_line' id='line_1_3' title="bbox 179 495 883 586; baseline -0.003 -32"><span class='ocrx_word' id='word_1_11' title='bbox 179 496 329 586; x_wconf 80' lang='lat' dir='ltr'><strong>Sanguine</strong></span> <span class='ocrx_word' id='word_1_12' title='bbox 342 497 477 573; x_wconf 87' lang='lat' dir='ltr'>conjugii,</span> <span class='ocrx_word' id='word_1_13' title='bbox 492 497 578 554; x_wconf 90' lang='lat' dir='ltr'>nullis</span> <span class='ocrx_word' id='word_1_14' title='bbox 592 497 705 554; x_wconf 90' lang='lat' dir='ltr'>aconita</span> <span class='ocrx_word' id='word_1_15' title='bbox 718 495 883 585; x_wconf 85' lang='lat' dir='ltr'><strong>propinquis</strong></span> 
     </span>
     <span class='ocr_line' id='line_1_4' title="bbox 178 574 1171 650; baseline 0.002 -18"><span class='ocrx_word' id='word_1_16' title='bbox 178 574 329 648; x_wconf 76' lang='grc' dir='ltr'>Μὶιιιιιίι,1</span> <span class='ocrx_word' id='word_1_17' title='bbox 322 595 351 632; x_wconf 88' lang='grc' dir='ltr'>ιιι</span> <span class='ocrx_word' id='word_1_18' title='bbox 366 575 454 632; x_wconf 80' lang='lat' dir='ltr'>sceni</span> <span class='ocrx_word' id='word_1_19' title='bbox 468 595 612 650; x_wconf 85' lang='lat' dir='ltr'>nunquam</span> <span class='ocrx_word' id='word_1_20' title='bbox 627 575 752 632; x_wconf 86' lang='lat' dir='ltr'>cantavit</span> <span class='ocrx_word' id='word_1_21' title='bbox 764 575 890 632; x_wconf 78' lang='lat' dir='ltr'><strong>Orestes.</strong></span> <span class='ocrx_word' id='word_1_22' title='bbox 1107 576 1171 634; x_wconf 77' lang='lat'>22⁰</span> 
     </span>
     <span class='ocr_line' id='line_1_5' title="bbox 177 651 975 750; baseline -0.003 -38"><span class='ocrx_word' id='word_1_23' title='bbox 177 653 286 713; x_wconf 85' lang='lat' dir='ltr'>Troica</span> <span class='ocrx_word' id='word_1_24' title='bbox 300 673 356 712; x_wconf 91' lang='lat' dir='ltr'>no.</span> <span class='ocrx_word' id='word_1_25' title='bbox 372 655 491 750; x_wconf 77' lang='lat' dir='ltr'>scripsit</span> <span class='ocrx_word' id='word_1_26' title='bbox 532 653 613 715; x_wconf 82' lang='lat' dir='ltr'>Quid</span> <span class='ocrx_word' id='word_1_27' title='bbox 628 653 704 710; x_wconf 91' lang='lat' dir='ltr'>enim</span> <span class='ocrx_word' id='word_1_28' title='bbox 719 651 876 728; x_wconf 82' lang='lat' dir='ltr'>Verginius</span> <span class='ocrx_word' id='word_1_29' title='bbox 889 651 975 710; x_wconf 87' lang='lat' dir='ltr'>armis</span> 
     </span>
     <span class='ocr_line' id='line_1_6' title="bbox 177 729 925 808; baseline -0.004 -17"><span class='ocrx_word' id='word_1_30' title='bbox 177 731 285 791; x_wconf 85' lang='lat' dir='ltr'>Debuit</span> <span class='ocrx_word' id='word_1_31' title='bbox 299 733 400 791; x_wconf 87' lang='lat' dir='ltr'>ulcisci</span> <span class='ocrx_word' id='word_1_32' title='bbox 417 729 517 808; x_wconf 84' lang='lat' dir='ltr'>magis,</span> <span class='ocrx_word' id='word_1_33' title='bbox 532 743 661 791; x_wconf 86' lang='lat' dir='ltr'>anteum</span> <span class='ocrx_word' id='word_1_34' title='bbox 675 731 799 789; x_wconf 88' lang='lat' dir='ltr'>Vindice</span> <span class='ocrx_word' id='word_1_35' title='bbox 812 731 925 788; x_wconf 87' lang='lat' dir='ltr'>Galbal</span> 
     </span>
     <span class='ocr_line' id='line_1_7' title="bbox 176 809 939 900; baseline -0.007 -28"><span class='ocrx_word' id='word_1_36' title='bbox 176 811 259 872; x_wconf 79' lang='lat' dir='ltr'>Quid</span> <span class='ocrx_word' id='word_1_37' title='bbox 273 811 352 870; x_wconf 89' lang='lat' dir='ltr'>Nero</span> <span class='ocrx_word' id='word_1_38' title='bbox 366 824 424 868; x_wconf 86' lang='lat' dir='ltr'>tarn</span> <span class='ocrx_word' id='word_1_39' title='bbox 438 812 513 868; x_wconf 74' lang='lat' dir='ltr'>saeva</span> <span class='ocrx_word' id='word_1_40' title='bbox 527 811 673 886; x_wconf 74' lang='lat' dir='ltr'>crudique</span> <span class='ocrx_word' id='word_1_41' title='bbox 687 810 837 900; x_wconf 77' lang='lat' dir='ltr'>tyrannide</span> <span class='ocrx_word' id='word_1_42' title='bbox 852 809 939 868; x_wconf 81' lang='lat' dir='ltr'>secitl</span> 
     </span>
     <span class='ocr_line' id='line_1_8' title="bbox 177 887 991 966; baseline -0.001 -20"><span class='ocrx_word' id='word_1_43' title='bbox 177 887 251 946; x_wconf 72' lang='lat' dir='ltr'>Haec</span> <span class='ocrx_word' id='word_1_44' title='bbox 264 909 360 966; x_wconf 87' lang='lat' dir='ltr'>opera,</span> <span class='ocrx_word' id='word_1_45' title='bbox 375 901 458 964; x_wconf 89' lang='lat' dir='ltr'>atque</span> <span class='ocrx_word' id='word_1_46' title='bbox 472 891 516 946; x_wconf 73' lang='lat' dir='ltr'>he</span> <span class='ocrx_word' id='word_1_47' title='bbox 530 899 597 946; x_wconf 90' lang='lat' dir='ltr'>sunt</span> <span class='ocrx_word' id='word_1_48' title='bbox 610 907 741 964; x_wconf 81' lang='lat' dir='ltr'>generosi</span> <span class='ocrx_word' id='word_1_49' title='bbox 734 887 897 964; x_wconf 88' lang='lat' dir='ltr'>&#39;Principis</span> <span class='ocrx_word' id='word_1_50' title='bbox 908 898 991 960; x_wconf 89' lang='lat' dir='ltr'>artes,</span> 
     </span>
     <span class='ocr_line' id='line_1_9' title="bbox 175 967 1167 1057; baseline 0.002 -33"><span class='ocrx_word' id='word_1_51' title='bbox 175 967 336 1026; x_wconf 88' lang='lat' dir='ltr'>Gaudentis</span> <span class='ocrx_word' id='word_1_52' title='bbox 349 969 425 1024; x_wconf 85' lang='lat' dir='ltr'>soedo</span> <span class='ocrx_word' id='word_1_53' title='bbox 438 968 587 1042; x_wconf 85' lang='lat' dir='ltr'>peregrina</span> <span class='ocrx_word' id='word_1_54' title='bbox 600 967 636 1024; x_wconf 88' lang='lat' dir='ltr'>ad</span> <span class='ocrx_word' id='word_1_55' title='bbox 650 967 758 1057; x_wconf 86' lang='lat' dir='ltr'>pulpita</span> <span class='ocrx_word' id='word_1_56' title='bbox 771 967 844 1024; x_wconf 90' lang='lat' dir='ltr'>saltu</span> <span class='ocrx_word' id='word_1_57' title='bbox 1104 967 1167 1026; x_wconf 75' lang='lat'>225</span> 
     </span>
     <span class='ocr_line' id='line_1_10' title="bbox 176 1045 879 1120; baseline 0 -18"><span class='ocrx_word' id='word_1_58' title='bbox 176 1045 311 1103; x_wconf 90' lang='lat' dir='ltr'>Prostitui</span> <span class='ocrx_word' id='word_1_59' title='bbox 313 1046 485 1120; x_wconf 85' lang='lat' dir='ltr'>,Graiaeque</span> <span class='ocrx_word' id='word_1_60' title='bbox 499 1045 595 1120; x_wconf 88' lang='lat' dir='ltr'>apium</span> <span class='ocrx_word' id='word_1_61' title='bbox 609 1047 747 1104; x_wconf 86' lang='lat' dir='ltr'>meruisse</span> <span class='ocrx_word' id='word_1_62' title='bbox 758 1063 879 1104; x_wconf 85' lang='lat' dir='ltr'>coronae.</span> 
     </span>
     <span class='ocr_line' id='line_1_11' title="bbox 176 1092 826 1199; baseline 0.002 -19"><span class='ocrx_word' id='word_1_63' title='bbox 176 1092 321 1198; x_wconf 81' lang='lat' dir='ltr'>Majoruni</span> <span class='ocrx_word' id='word_1_64' title='bbox 332 1123 441 1198; x_wconf 87' lang='lat' dir='ltr'>effigies</span> <span class='ocrx_word' id='word_1_65' title='bbox 455 1123 601 1182; x_wconf 84' lang='lat' dir='ltr'>habeant</span> <span class='ocrx_word' id='word_1_66' title='bbox 594 1124 718 1199; x_wconf 83' lang='lat' dir='ltr'>insignia</span> <span class='ocrx_word' id='word_1_67' title='bbox 730 1125 826 1184; x_wconf 83' lang='lat' dir='ltr'>vocis:</span> 
     </span>
     <span class='ocr_line' id='line_1_12' title="bbox 175 1200 893 1279; baseline -0.001 -19"><span class='ocrx_word' id='word_1_68' title='bbox 175 1202 255 1260; x_wconf 86' lang='lat' dir='ltr'>Ante</span> <span class='ocrx_word' id='word_1_69' title='bbox 268 1203 355 1278; x_wconf 88' lang='lat' dir='ltr'>pedes</span> <span class='ocrx_word' id='word_1_70' title='bbox 370 1200 477 1260; x_wconf 79' lang='lat' dir='ltr'>Domiti</span> <span class='ocrx_word' id='word_1_71' title='bbox 490 1202 607 1277; x_wconf 85' lang='lat' dir='ltr'>longum</span> <span class='ocrx_word' id='word_1_72' title='bbox 621 1214 652 1260; x_wconf 88' lang='lat' dir='ltr'>tu</span> <span class='ocrx_word' id='word_1_73' title='bbox 669 1223 744 1279; x_wconf 90' lang='lat' dir='ltr'>pone</span> <span class='ocrx_word' id='word_1_74' title='bbox 757 1202 893 1278; x_wconf 76' lang='lat' dir='ltr'>Thyestae</span> 
     </span>
     <span class='ocr_line' id='line_1_13' title="bbox 176 1280 944 1359; baseline 0.004 -21"><span class='ocrx_word' id='word_1_75' title='bbox 176 1283 278 1355; x_wconf 82' lang='lat' dir='ltr'>Syrma</span> <span class='ocrx_word' id='word_1_76' title='bbox 291 1280 334 1338; x_wconf 87' lang='lat' dir='ltr'>vel</span> <span class='ocrx_word' id='word_1_77' title='bbox 350 1280 512 1356; x_wconf 75' lang='lat' dir='ltr'>Antigone,</span> <span class='ocrx_word' id='word_1_78' title='bbox 527 1300 578 1338; x_wconf 89' lang='lat' dir='ltr'>seu</span> <span class='ocrx_word' id='word_1_79' title='bbox 591 1301 742 1358; x_wconf 82' lang='lat' dir='ltr'>personam</span> <span class='ocrx_word' id='word_1_80' title='bbox 756 1280 944 1359; x_wconf 77' lang='lat' dir='ltr'>Menalippes,</span> 
     </span>
     <span class='ocr_line' id='line_1_14' title="bbox 176 1350 1164 1436; baseline 0.004 -20"><span class='ocrx_word' id='word_1_81' title='bbox 176 1359 214 1417; x_wconf 91' lang='lat' dir='ltr'>Et</span> <span class='ocrx_word' id='word_1_82' title='bbox 228 1361 264 1417; x_wconf 91' lang='lat' dir='ltr'>de</span> <span class='ocrx_word' id='word_1_83' title='bbox 277 1378 435 1417; x_wconf 89' lang='lat' dir='ltr'>marmoreo</span> <span class='ocrx_word' id='word_1_84' title='bbox 449 1359 587 1418; x_wconf 88' lang='lat' dir='ltr'>citharam</span> <span class='ocrx_word' id='word_1_85' title='bbox 601 1362 742 1436; x_wconf 89' lang='lat' dir='ltr'>suspende</span> <span class='ocrx_word' id='word_1_86' title='bbox 756 1361 874 1419; x_wconf 88' lang='lat' dir='ltr'>colosso.</span> <span class='ocrx_word' id='word_1_87' title='bbox 1034 1401 1037 1411; x_wconf 54' lang='grc' dir='ltr'>ι</span> <span class='ocrx_word' id='word_1_88' title='bbox 1058 1350 1063 1370; x_wconf 83' lang='lat'>&#39;</span> <span class='ocrx_word' id='word_1_89' title='bbox 1100 1362 1164 1420; x_wconf 67' lang='lat'>230</span> 
     </span>
     <span class='ocr_line' id='line_1_15' title="bbox 175 1401 1127 1516; baseline -0.004 -17"><span class='ocrx_word' id='word_1_90' title='bbox 175 1439 267 1512; x_wconf 80' lang='lat' dir='ltr'>Quid,</span> <span class='ocrx_word' id='word_1_91' title='bbox 281 1438 416 1511; x_wconf 83' lang='lat' dir='ltr'>Catilina,</span> <span class='ocrx_word' id='word_1_92' title='bbox 431 1438 488 1496; x_wconf 90' lang='lat' dir='ltr'>tuis</span> <span class='ocrx_word' id='word_1_93' title='bbox 499 1439 639 1497; x_wconf 88' lang='lat' dir='ltr'>natalibus</span> <span class='ocrx_word' id='word_1_94' title='bbox 551 1449 747 1515; x_wconf 33' lang='lat' dir='ltr'>*datque</span> <span class='ocrx_word' id='word_1_95' title='bbox 761 1436 894 1516; x_wconf 84' lang='lat' dir='ltr'>Cethegi,</span> <span class='ocrx_word' id='word_1_96' title='bbox 921 1401 1127 1495; x_wconf 46' lang='lat' dir='ltr'>roffensis}</span> 
     </span>
     <span class='ocr_line' id='line_1_16' title="bbox 176 1485 937 1594; baseline 0.001 -20"><span class='ocrx_word' id='word_1_97' title='bbox 176 1516 307 1576; x_wconf 82' lang='lat' dir='ltr'>Inveniet</span> <span class='ocrx_word' id='word_1_98' title='bbox 319 1519 467 1594; x_wconf 90' lang='lat' dir='ltr'>quisquam</span> <span class='ocrx_word' id='word_1_99' title='bbox 481 1485 652 1576; x_wconf 83' lang='lat' dir='ltr'>sublimiust</span> <span class='ocrx_word' id='word_1_100' title='bbox 674 1519 764 1576; x_wconf 85' lang='lat' dir='ltr'>Arma</span> <span class='ocrx_word' id='word_1_101' title='bbox 778 1530 873 1577; x_wconf 85' lang='lat' dir='ltr'>tamen</span> <span class='ocrx_word' id='word_1_102' title='bbox 887 1538 937 1576; x_wconf 85' lang='lat' dir='ltr'>vos</span> 
     </span>
     <span class='ocr_line' id='line_1_17' title="bbox 175 1595 980 1686; baseline 0.001 -33"><span class='ocrx_word' id='word_1_103' title='bbox 175 1595 326 1655; x_wconf 87' lang='lat' dir='ltr'>Nocturna</span> <span class='ocrx_word' id='word_1_104' title='bbox 340 1610 369 1654; x_wconf 88' lang='lat' dir='ltr'>et</span> <span class='ocrx_word' id='word_1_105' title='bbox 384 1597 510 1654; x_wconf 87' lang='lat' dir='ltr'>flammas</span> <span class='ocrx_word' id='word_1_106' title='bbox 525 1597 656 1654; x_wconf 90' lang='lat' dir='ltr'>domibus</span> <span class='ocrx_word' id='word_1_107' title='bbox 669 1596 837 1686; x_wconf 88' lang='lat' dir='ltr'>templisque</span> <span class='ocrx_word' id='word_1_108' title='bbox 851 1596 980 1674; x_wconf 79' lang='lat' dir='ltr'>peristis,</span> 
     </span>
     <span class='ocr_line' id='line_1_18' title="bbox 174 1669 1153 1770; baseline -0.004 -38"><span class='ocrx_word' id='word_1_109' title='bbox 174 1674 214 1732; x_wconf 90' lang='lat' dir='ltr'>Ut</span> <span class='ocrx_word' id='word_1_110' title='bbox 227 1675 412 1733; x_wconf 88' lang='lat' dir='ltr'>Bracatorum</span> <span class='ocrx_word' id='word_1_111' title='bbox 425 1675 516 1749; x_wconf 91' lang='lat' dir='ltr'>pueri,</span> <span class='ocrx_word' id='word_1_112' title='bbox 532 1676 735 1770; x_wconf 80' lang='lat' dir='ltr'>Senonumque</span> <span class='ocrx_word' id='word_1_113' title='bbox 750 1693 900 1748; x_wconf 64' lang='lat' dir='ltr'>rumores,</span> <span class='ocrx_word' id='word_1_114' title='bbox 898 1671 985 1732; x_wconf 92' lang='grc' dir='ltr'>ιιι</span> <span class='ocrx_word' id='word_1_115' title='bbox 998 1669 1116 1732; x_wconf 88' lang='grc' dir='ltr'>ιι</span> <span class='ocrx_word' id='word_1_116' title='bbox 1147 1690 1153 1700; x_wconf 87' lang='grc'><strong><em>’</em></strong></span> 
     </span>
     <span class='ocr_line' id='line_1_19' title="bbox 175 1753 1162 1827; baseline 0.002 -19"><span class='ocrx_word' id='word_1_117' title='bbox 175 1753 248 1810; x_wconf 84' lang='lat' dir='ltr'>Ausi</span> <span class='ocrx_word' id='word_1_118' title='bbox 251 1754 347 1827; x_wconf 95' lang='lat' dir='ltr'>,quod</span> <span class='ocrx_word' id='word_1_119' title='bbox 361 1755 445 1810; x_wconf 89' lang='lat' dir='ltr'>liceat</span> <span class='ocrx_word' id='word_1_120' title='bbox 459 1753 557 1809; x_wconf 72' lang='lat' dir='ltr'>tunicis</span> <span class='ocrx_word' id='word_1_121' title='bbox 570 1753 671 1827; x_wconf 89' lang='lat' dir='ltr'>punire</span> <span class='ocrx_word' id='word_1_122' title='bbox 684 1753 811 1810; x_wconf 79' lang='lat' dir='ltr'>molesti.</span> <span class='ocrx_word' id='word_1_123' title='bbox 1098 1757 1162 1818; x_wconf 80' lang='lat'>235</span> 
     </span>
     <span class='ocr_line' id='line_1_20' title="bbox 176 1799 888 1907; baseline 0.004 -20"><span class='ocrx_word' id='word_1_124' title='bbox 176 1831 234 1888; x_wconf 83' lang='lat' dir='ltr'>Sed</span> <span class='ocrx_word' id='word_1_125' title='bbox 248 1799 344 1907; x_wconf 81' lang='lat' dir='ltr'>iigilat</span> <span class='ocrx_word' id='word_1_126' title='bbox 358 1830 477 1902; x_wconf 89' lang='lat' dir='ltr'>Consul,</span> <span class='ocrx_word' id='word_1_127' title='bbox 492 1830 649 1906; x_wconf 85' lang='lat' dir='ltr'>vexillaque</span> <span class='ocrx_word' id='word_1_128' title='bbox 663 1843 755 1890; x_wconf 86' lang='lat' dir='ltr'>vestra</span> <span class='ocrx_word' id='word_1_129' title='bbox 765 1836 888 1892; x_wconf 73' lang='lat' dir='ltr'>coercet.</span> 
     </span>
     <span class='ocr_line' id='line_1_21' title="bbox 175 1907 901 1985; baseline 0.003 -19"><span class='ocrx_word' id='word_1_130' title='bbox 175 1909 234 1966; x_wconf 93' lang='lat' dir='ltr'>Hic</span> <span class='ocrx_word' id='word_1_131' title='bbox 247 1929 337 1968; x_wconf 88' lang='lat' dir='ltr'>novus</span> <span class='ocrx_word' id='word_1_132' title='bbox 351 1910 485 1985; x_wconf 77' lang='lat' dir='ltr'>Arpinas,</span> <span class='ocrx_word' id='word_1_133' title='bbox 499 1908 642 1985; x_wconf 87' lang='lat' dir='ltr'>ignobilis,</span> <span class='ocrx_word' id='word_1_134' title='bbox 657 1919 686 1966; x_wconf 92' lang='lat' dir='ltr'>et</span> <span class='ocrx_word' id='word_1_135' title='bbox 700 1907 785 1970; x_wconf 73' lang='lat' dir='ltr'>modo</span> <span class='ocrx_word' id='word_1_136' title='bbox 799 1911 901 1970; x_wconf 71' lang='lat' dir='ltr'>Rome</span> 
     </span>
     <span class='ocr_line' id='line_1_22' title="bbox 174 1987 843 2065; baseline 0.001 -20"><span class='ocrx_word' id='word_1_137' title='bbox 174 1987 359 2065; x_wconf 90' lang='lat' dir='ltr'>Municipalis</span> <span class='ocrx_word' id='word_1_138' title='bbox 373 1989 478 2064; x_wconf 88' lang='lat' dir='ltr'>Eques,</span> <span class='ocrx_word' id='word_1_139' title='bbox 488 1989 632 2064; x_wconf 85' lang='lat' dir='ltr'>galeatum</span> <span class='ocrx_word' id='word_1_140' title='bbox 645 1987 725 2064; x_wconf 88' lang='lat' dir='ltr'>ponit</span> <span class='ocrx_word' id='word_1_141' title='bbox 738 1989 843 2064; x_wconf 89' lang='lat' dir='ltr'>ubique</span> 
     </span>
     <span class='ocr_line' id='line_1_23' title="bbox 173 2065 1238 2143; baseline 0.002 -19"><span class='ocrx_word' id='word_1_142' title='bbox 173 2065 342 2125; x_wconf 60' lang='lat' dir='ltr'>Presidium</span> <span class='ocrx_word' id='word_1_143' title='bbox 358 2067 492 2140; x_wconf 89' lang='lat' dir='ltr'>attonitis,</span> <span class='ocrx_word' id='word_1_144' title='bbox 507 2080 536 2126; x_wconf 90' lang='lat' dir='ltr'>et</span> <span class='ocrx_word' id='word_1_145' title='bbox 549 2068 579 2125; x_wconf 90' lang='lat' dir='ltr'>in</span> <span class='ocrx_word' id='word_1_146' title='bbox 592 2067 670 2126; x_wconf 89' lang='lat' dir='ltr'>omni</span> <span class='ocrx_word' id='word_1_147' title='bbox 684 2078 769 2143; x_wconf 85' lang='lat' dir='ltr'>gente</span> <span class='ocrx_word' id='word_1_148' title='bbox 783 2068 899 2126; x_wconf 75' lang='lat' dir='ltr'>laborat„</span> <span class='ocrx_word' id='word_1_149' title='bbox 1237 2115 1238 2126; x_wconf 67' lang='grc'>,</span> 
     </span>
     <span class='ocr_line' id='line_1_24' title="bbox 174 2144 1238 2221; baseline 0.006 -19"><span class='ocrx_word' id='word_1_150' title='bbox 174 2144 305 2202; x_wconf 86' lang='lat' dir='ltr'>Tantum</span> <span class='ocrx_word' id='word_1_151' title='bbox 319 2145 404 2221; x_wconf 88' lang='lat' dir='ltr'>igitur</span> <span class='ocrx_word' id='word_1_152' title='bbox 418 2163 515 2204; x_wconf 88' lang='lat' dir='ltr'>muros</span> <span class='ocrx_word' id='word_1_153' title='bbox 528 2147 602 2204; x_wconf 89' lang='lat' dir='ltr'>intra</span> <span class='ocrx_word' id='word_1_154' title='bbox 616 2157 681 2221; x_wconf 86' lang='lat' dir='ltr'>toga</span> <span class='ocrx_word' id='word_1_155' title='bbox 694 2147 814 2204; x_wconf 89' lang='lat' dir='ltr'>contulit</span> <span class='ocrx_word' id='word_1_156' title='bbox 827 2146 868 2203; x_wconf 90' lang='lat' dir='ltr'>illi</span> <span class='ocrx_word' id='word_1_157' title='bbox 1097 2148 1159 2208; x_wconf 77' lang='lat'>24⁰</span> <span class='ocrx_word' id='word_1_158' title='bbox 1237 2151 1238 2192; x_wconf 72' lang='grc' dir='ltr'>ἶ</span> 
     </span>
     <span class='ocr_line' id='line_1_25' title="bbox 173 2221 978 2300; baseline 0.004 -21"><span class='ocrx_word' id='word_1_159' title='bbox 173 2221 307 2282; x_wconf 89' lang='lat' dir='ltr'>Nominis</span> <span class='ocrx_word' id='word_1_160' title='bbox 320 2235 349 2280; x_wconf 90' lang='lat' dir='ltr'>et</span> <span class='ocrx_word' id='word_1_161' title='bbox 363 2225 437 2281; x_wconf 90' lang='lat' dir='ltr'>tituli</span> <span class='ocrx_word' id='word_1_162' title='bbox 440 2236 598 2300; x_wconf 86' lang='lat' dir='ltr'>,quantum</span> <span class='ocrx_word' id='word_1_163' title='bbox 612 2243 669 2281; x_wconf 89' lang='lat' dir='ltr'>non</span> <span class='ocrx_word' id='word_1_164' title='bbox 684 2223 816 2282; x_wconf 89' lang='lat' dir='ltr'>Leucade</span> <span class='ocrx_word' id='word_1_165' title='bbox 818 2235 978 2300; x_wconf 84' lang='lat' dir='ltr'>,quantum</span> 
     </span>
     <span class='ocr_line' id='line_1_26' title="bbox 173 2300 801 2378; baseline 0.003 -20"><span class='ocrx_word' id='word_1_166' title='bbox 173 2300 330 2360; x_wconf 82' lang='lat' dir='ltr'>Thessaliae</span> <span class='ocrx_word' id='word_1_167' title='bbox 345 2303 477 2378; x_wconf 89' lang='lat' dir='ltr'>campis</span> <span class='ocrx_word' id='word_1_168' title='bbox 466 2303 603 2361; x_wconf 85' lang='lat' dir='ltr'>Octavius</span> <span class='ocrx_word' id='word_1_169' title='bbox 616 2302 732 2360; x_wconf 89' lang='lat' dir='ltr'>abstulit</span> <span class='ocrx_word' id='word_1_170' title='bbox 745 2303 801 2360; x_wconf 93' lang='lat' dir='ltr'>udo</span> 
     </span>
     <span class='ocr_line' id='line_1_27' title="bbox 172 2373 938 2458; baseline 0.003 -22"><span class='ocrx_word' id='word_1_171' title='bbox 172 2379 310 2438; x_wconf 78' lang='lat' dir='ltr'>Cardibus</span> <span class='ocrx_word' id='word_1_172' title='bbox 323 2381 445 2440; x_wconf 79' lang='lat' dir='ltr'>assiduis</span> <span class='ocrx_word' id='word_1_173' title='bbox 455 2373 557 2458; x_wconf 87' lang='lat' dir='ltr'>gladio.</span> <span class='ocrx_word' id='word_1_174' title='bbox 600 2382 658 2438; x_wconf 89' lang='lat' dir='ltr'>Sed</span> <span class='ocrx_word' id='word_1_175' title='bbox 674 2381 769 2439; x_wconf 89' lang='lat' dir='ltr'>Roma</span> <span class='ocrx_word' id='word_1_176' title='bbox 782 2392 938 2456; x_wconf 88' lang='lat' dir='ltr'>parentem,</span> 
     </span>
     <span class='ocr_line' id='line_1_28' title="bbox 172 2457 877 2537; baseline -0.003 -19"><span class='ocrx_word' id='word_1_177' title='bbox 172 2457 267 2518; x_wconf 87' lang='lat' dir='ltr'>Roma</span> <span class='ocrx_word' id='word_1_178' title='bbox 277 2473 385 2537; x_wconf 88' lang='lat' dir='ltr'>patrem</span> <span class='ocrx_word' id='word_1_179' title='bbox 399 2461 497 2536; x_wconf 82' lang='lat' dir='ltr'>patriae</span> <span class='ocrx_word' id='word_1_180' title='bbox 512 2460 682 2518; x_wconf 87' lang='lat' dir='ltr'>Ciceronem</span> <span class='ocrx_word' id='word_1_181' title='bbox 696 2461 785 2518; x_wconf 87' lang='lat' dir='ltr'>libera</span> <span class='ocrx_word' id='word_1_182' title='bbox 799 2460 877 2518; x_wconf 84' lang='lat' dir='ltr'>dixit.</span> 
     </span>
     <span class='ocr_line' id='line_1_29' title="bbox 171 2539 1156 2616; baseline 0.006 -22"><span class='ocrx_word' id='word_1_183' title='bbox 171 2539 297 2616; x_wconf 86' lang='lat' dir='ltr'>Arpinas</span> <span class='ocrx_word' id='word_1_184' title='bbox 307 2541 379 2598; x_wconf 86' lang='lat' dir='ltr'>alius</span> <span class='ocrx_word' id='word_1_185' title='bbox 393 2540 592 2598; x_wconf 90' lang='lat' dir='ltr'>Volscorum</span> <span class='ocrx_word' id='word_1_186' title='bbox 584 2559 614 2596; x_wconf 90' lang='grc' dir='ltr'>ιιι</span> <span class='ocrx_word' id='word_1_187' title='bbox 628 2551 723 2596; x_wconf 89' lang='lat' dir='ltr'>monte</span> <span class='ocrx_word' id='word_1_188' title='bbox 738 2539 844 2596; x_wconf 84' lang='lat' dir='ltr'>solebat</span> <span class='ocrx_word' id='word_1_189' title='bbox 1094 2539 1156 2600; x_wconf 76' lang='lat'>246</span> 
     </span>
     <span class='ocr_line' id='line_1_30' title="bbox 170 2617 773 2687; baseline 0 -14"><span class='ocrx_word' id='word_1_190' title='bbox 170 2617 292 2676; x_wconf 80' lang='lat' dir='ltr'>Poscere</span> <span class='ocrx_word' id='word_1_191' title='bbox 306 2620 452 2676; x_wconf 85' lang='lat' dir='ltr'>mercedes</span> <span class='ocrx_word' id='word_1_192' title='bbox 463 2620 555 2676; x_wconf 90' lang='lat' dir='ltr'>alieno</span> <span class='ocrx_word' id='word_1_193' title='bbox 568 2618 658 2675; x_wconf 87' lang='lat' dir='ltr'>lassus</span> <span class='ocrx_word' id='word_1_194' title='bbox 673 2628 773 2687; x_wconf 89' lang='lat' dir='ltr'>aratro,</span> 
     </span>
     <span class='ocr_line' id='line_1_31' title="bbox 170 2693 846 2790; baseline 0 -40"><span class='ocrx_word' id='word_1_195' title='bbox 170 2693 316 2753; x_wconf 90' lang='lat' dir='ltr'>Nodosam</span> <span class='ocrx_word' id='word_1_196' title='bbox 328 2708 397 2790; x_wconf 86' lang='lat' dir='ltr'>post</span> <span class='ocrx_word' id='word_1_197' title='bbox 401 2697 463 2752; x_wconf 82' lang='lat' dir='ltr'>haec</span> <span class='ocrx_word' id='word_1_198' title='bbox 477 2696 623 2770; x_wconf 86' lang='lat' dir='ltr'>frangebat</span> <span class='ocrx_word' id='word_1_199' title='bbox 633 2693 738 2750; x_wconf 87' lang='lat' dir='ltr'>vertice</span> <span class='ocrx_word' id='word_1_200' title='bbox 751 2695 846 2766; x_wconf 85' lang='lat' dir='ltr'>ritem,</span> 
     </span>
     <span class='ocr_line' id='line_1_32' title="bbox 170 2771 782 2848; baseline 0.002 -21"><span class='ocrx_word' id='word_1_201' title='bbox 170 2772 202 2828; x_wconf 86' lang='lat' dir='ltr'>Si</span> <span class='ocrx_word' id='word_1_202' title='bbox 216 2772 309 2830; x_wconf 85' lang='lat' dir='ltr'>lentus</span> <span class='ocrx_word' id='word_1_203' title='bbox 322 2773 402 2848; x_wconf 76' lang='lat' dir='ltr'>pigri</span> <span class='ocrx_word' id='word_1_204' title='bbox 415 2773 539 2829; x_wconf 85' lang='lat' dir='ltr'>muniret</span> <span class='ocrx_word' id='word_1_205' title='bbox 552 2783 647 2828; x_wconf 88' lang='lat' dir='ltr'>castra</span> <span class='ocrx_word' id='word_1_206' title='bbox 660 2771 782 2828; x_wconf 77' lang='lat' dir='ltr'>dolabri.</span> 
     </span>
     <span class='ocr_line' id='line_1_33' title="bbox 169 2847 936 2922; baseline 0.004 -17"><span class='ocrx_word' id='word_1_207' title='bbox 169 2847 229 2905; x_wconf 90' lang='lat' dir='ltr'>Hic</span> <span class='ocrx_word' id='word_1_208' title='bbox 243 2861 337 2906; x_wconf 84' lang='lat' dir='ltr'>tamen</span> <span class='ocrx_word' id='word_1_209' title='bbox 351 2862 380 2906; x_wconf 88' lang='grc' dir='ltr'>ιι</span> <span class='ocrx_word' id='word_1_210' title='bbox 394 2849 525 2906; x_wconf 87' lang='lat' dir='ltr'>Cimbros</span> <span class='ocrx_word' id='word_1_211' title='bbox 538 2859 566 2905; x_wconf 89' lang='lat' dir='ltr'>et</span> <span class='ocrx_word' id='word_1_212' title='bbox 580 2867 690 2905; x_wconf 87' lang='lat' dir='ltr'>summa</span> <span class='ocrx_word' id='word_1_213' title='bbox 703 2849 828 2922; x_wconf 87' lang='lat' dir='ltr'>pericula</span> <span class='ocrx_word' id='word_1_214' title='bbox 841 2869 936 2908; x_wconf 88' lang='lat' dir='ltr'>rerum</span> 
     </span>
     <span class='ocr_line' id='line_1_34' title="bbox 168 2921 931 3062; baseline 0 -78"><span class='ocrx_word' id='word_1_215' title='bbox 168 2926 292 3003; x_wconf 86' lang='lat' dir='ltr'>Excipit,</span> <span class='ocrx_word' id='word_1_216' title='bbox 307 2940 362 2985; x_wconf 75' lang='lat' dir='ltr'>ets</span> <span class='ocrx_word' id='word_1_217' title='bbox 350 2927 425 2986; x_wconf 84' lang='lat' dir='ltr'>solus</span> <span class='ocrx_word' id='word_1_218' title='bbox 438 2927 625 3002; x_wconf 85' lang='lat' dir='ltr'>trepidantem</span> <span class='ocrx_word' id='word_1_219' title='bbox 639 2926 759 3001; x_wconf 85' lang='lat' dir='ltr'>protegit</span> <span class='ocrx_word' id='word_1_220' title='bbox 772 2926 901 2986; x_wconf 82' lang='lat' dir='ltr'>Urbem..</span> <span class='ocrx_word' id='word_1_221' title='bbox 880 2921 931 3062; x_wconf 47' lang='lat' dir='ltr'>..L</span> 
     </span>
     <span class='ocr_line' id='line_1_35' title="bbox 168 3005 1057 3082; baseline 0.003 -19"><span class='ocrx_word' id='word_1_222' title='bbox 168 3006 263 3080; x_wconf 84' lang='lat' dir='ltr'>Atque</span> <span class='ocrx_word' id='word_1_223' title='bbox 277 3006 353 3078; x_wconf 88' lang='lat' dir='ltr'>ideo,</span> <span class='ocrx_word' id='word_1_224' title='bbox 368 3018 513 3081; x_wconf 84' lang='lat' dir='ltr'>postquam</span> <span class='ocrx_word' id='word_1_225' title='bbox 529 3005 564 3062; x_wconf 86' lang='lat' dir='ltr'>ad</span> <span class='ocrx_word' id='word_1_226' title='bbox 578 3005 709 3062; x_wconf 89' lang='lat' dir='ltr'>Cimbros</span> <span class='ocrx_word' id='word_1_227' title='bbox 722 3015 901 3082; x_wconf 84' lang='lat' dir='ltr'>stragemque</span> <span class='ocrx_word' id='word_1_228' title='bbox 932 3007 1057 3081; x_wconf 87' lang='lat' dir='ltr'>olebant,</span> 
     </span>
     <span class='ocr_line' id='line_1_36' title="bbox 166 3084 932 3161; baseline -0.001 -16"><span class='ocrx_word' id='word_1_229' title='bbox 166 3084 228 3145; x_wconf 78' lang='lat' dir='ltr'>Qui</span> <span class='ocrx_word' id='word_1_230' title='bbox 243 3104 387 3161; x_wconf 86' lang='lat' dir='ltr'>nunquam</span> <span class='ocrx_word' id='word_1_231' title='bbox 399 3086 549 3161; x_wconf 87' lang='lat' dir='ltr'>attigerant</span> <span class='ocrx_word' id='word_1_232' title='bbox 562 3084 668 3161; x_wconf 86' lang='lat' dir='ltr'>majora</span> <span class='ocrx_word' id='word_1_233' title='bbox 682 3085 830 3158; x_wconf 84' lang='lat' dir='ltr'>cadavera,</span> <span class='ocrx_word' id='word_1_234' title='bbox 844 3085 932 3158; x_wconf 86' lang='lat' dir='ltr'>corvi,</span> 
     </span>
    </p>

    <p class='ocr_par' dir='ltr' id='par_1_3' title="bbox 111 3163 1238 3865">
     <span class='ocr_line' id='line_1_37' title="bbox 111 3163 775 3240; baseline 0.003 -20"><span class='ocrx_word' id='word_1_235' title='bbox 111 3201 116 3211; x_wconf 83' lang='lat'><strong>·</strong></span> <span class='ocrx_word' id='word_1_236' title='bbox 167 3163 283 3222; x_wconf 91' lang='lat' dir='ltr'>Nobilis</span> <span class='ocrx_word' id='word_1_237' title='bbox 296 3175 412 3223; x_wconf 81' lang='lat' dir='ltr'>ornetur</span> <span class='ocrx_word' id='word_1_238' title='bbox 424 3164 503 3224; x_wconf 88' lang='lat' dir='ltr'>lauro</span> <span class='ocrx_word' id='word_1_239' title='bbox 517 3165 626 3240; x_wconf 86' lang='lat' dir='ltr'>collega</span> <span class='ocrx_word' id='word_1_240' title='bbox 639 3165 775 3223; x_wconf 77' lang='lat' dir='ltr'>secundi.</span> 
     </span>
     <span class='ocr_line' id='line_1_38' title="bbox 163 3243 836 3320; baseline 0.003 -21"><span class='ocrx_word' id='word_1_241' title='bbox 163 3243 289 3301; x_wconf 72' lang='lat' dir='ltr'>vPlebeiae</span> <span class='ocrx_word' id='word_1_242' title='bbox 303 3243 458 3301; x_wconf 90' lang='lat' dir='ltr'>Deciorum</span> <span class='ocrx_word' id='word_1_243' title='bbox 472 3243 573 3300; x_wconf 79' lang='lat' dir='ltr'>animae</span> <span class='ocrx_word' id='word_1_244' title='bbox 576 3243 707 3320; x_wconf 89' lang='lat' dir='ltr'>,plebeia</span> <span class='ocrx_word' id='word_1_245' title='bbox 722 3243 836 3301; x_wconf 87' lang='lat' dir='ltr'>suerunt</span> 
     </span>
     <span class='ocr_line' id='line_1_39' title="bbox 166 3289 1151 3397; baseline 0.006 -21"><span class='ocrx_word' id='word_1_246' title='bbox 166 3320 309 3378; x_wconf 87' lang='lat' dir='ltr'>Nomina.</span> <span class='ocrx_word' id='word_1_247' title='bbox 330 3340 380 3397; x_wconf 89' lang='lat' dir='ltr'>pro</span> <span class='ocrx_word' id='word_1_248' title='bbox 393 3321 459 3377; x_wconf 88' lang='lat' dir='ltr'>totis</span> <span class='ocrx_word' id='word_1_249' title='bbox 469 3289 629 3396; x_wconf 82' lang='lat' dir='ltr'>legionibus</span> <span class='ocrx_word' id='word_1_250' title='bbox 641 3321 672 3380; x_wconf 92' lang='lat' dir='ltr'>hi</span> <span class='ocrx_word' id='word_1_251' title='bbox 684 3332 789 3390; x_wconf 87' lang='lat' dir='ltr'>tamen,</span> <span class='ocrx_word' id='word_1_252' title='bbox 800 3331 829 3377; x_wconf 91' lang='lat' dir='ltr'>et</span> <span class='ocrx_word' id='word_1_253' title='bbox 842 3337 893 3395; x_wconf 90' lang='lat' dir='ltr'>pro</span> <span class='ocrx_word' id='word_1_254' title='bbox 1089 3323 1151 3382; x_wconf 75' lang='lat'>255</span> 
     </span>
     <span class='ocr_line' id='line_1_40' title="bbox 165 3365 850 3476; baseline -0.006 -19"><span class='ocrx_word' id='word_1_255' title='bbox 165 3399 310 3457; x_wconf 88' lang='lat' dir='ltr'>Omnibus</span> <span class='ocrx_word' id='word_1_256' title='bbox 323 3397 434 3456; x_wconf 84' lang='lat' dir='ltr'>auxiliis</span> <span class='ocrx_word' id='word_1_257' title='bbox 437 3409 542 3473; x_wconf 89' lang='lat' dir='ltr'>,atque</span> <span class='ocrx_word' id='word_1_258' title='bbox 555 3420 634 3458; x_wconf 89' lang='lat' dir='ltr'>cmm</span> <span class='ocrx_word' id='word_1_259' title='bbox 626 3401 722 3476; x_wconf 87' lang='lat' dir='ltr'>&#39;pube</span> <span class='ocrx_word' id='word_1_260' title='bbox 736 3365 850 3466; x_wconf 80' lang='lat' dir='ltr'>Laiini,</span> 
     </span>
     <span class='ocr_line' id='line_1_41' title="bbox 166 3444 830 3570; baseline -0.009 -34"><span class='ocrx_word' id='word_1_261' title='bbox 166 3477 320 3536; x_wconf 86' lang='lat' dir='ltr'>Sufficiunt</span> <span class='ocrx_word' id='word_1_262' title='bbox 334 3477 380 3534; x_wconf 89' lang='lat' dir='ltr'>dis</span> <span class='ocrx_word' id='word_1_263' title='bbox 401 3444 519 3534; x_wconf 88' lang='lat' dir='ltr'>iniernis</span> <span class='ocrx_word' id='word_1_264' title='bbox 509 3477 686 3570; x_wconf 80' lang='lat' dir='ltr'>Terraeque</span> <span class='ocrx_word' id='word_1_265' title='bbox 699 3474 830 3550; x_wconf 89' lang='lat' dir='ltr'>parenti:</span> 
     </span>
     <span class='ocr_line' id='line_1_42' title="bbox 165 3551 911 3632; baseline -0.003 -18"><span class='ocrx_word' id='word_1_266' title='bbox 165 3555 258 3614; x_wconf 90' lang='lat' dir='ltr'>Pluris</span> <span class='ocrx_word' id='word_1_267' title='bbox 272 3557 348 3614; x_wconf 89' lang='lat' dir='ltr'>enim</span> <span class='ocrx_word' id='word_1_268' title='bbox 363 3555 446 3614; x_wconf 90' lang='lat' dir='ltr'>Decii</span> <span class='ocrx_word' id='word_1_269' title='bbox 449 3575 553 3632; x_wconf 88' lang='lat' dir='ltr'>,quem</span> <span class='ocrx_word' id='word_1_270' title='bbox 563 3573 625 3631; x_wconf 77' lang='lat' dir='ltr'>que</span> <span class='ocrx_word' id='word_1_271' title='bbox 639 3563 784 3610; x_wconf 85' lang='lat' dir='ltr'>servantur</span> <span class='ocrx_word' id='word_1_272' title='bbox 797 3551 833 3608; x_wconf 91' lang='lat' dir='ltr'>ab</span> <span class='ocrx_word' id='word_1_273' title='bbox 848 3551 911 3612; x_wconf 89' lang='lat' dir='ltr'>illis</span> 
     </span>
     <span class='ocr_line' id='line_1_43' title="bbox 166 3631 858 3707; baseline -0.001 -17"><span class='ocrx_word' id='word_1_274' title='bbox 166 3635 283 3693; x_wconf 76' lang='lat' dir='ltr'>Ancilla</span> <span class='ocrx_word' id='word_1_275' title='bbox 297 3648 381 3692; x_wconf 90' lang='lat' dir='ltr'>natus</span> <span class='ocrx_word' id='word_1_276' title='bbox 395 3636 532 3707; x_wconf 88' lang='lat' dir='ltr'>trabeam,</span> <span class='ocrx_word' id='word_1_277' title='bbox 545 3645 575 3692; x_wconf 91' lang='lat' dir='ltr'>et</span> <span class='ocrx_word' id='word_1_278' title='bbox 587 3633 718 3692; x_wconf 89' lang='lat' dir='ltr'>diadema</span> <span class='ocrx_word' id='word_1_279' title='bbox 730 3631 858 3704; x_wconf 83' lang='lat' dir='ltr'>Quirini,</span> 
     </span>
     <span class='ocr_line' id='line_1_44' title="bbox 165 3678 1238 3786; baseline 0.001 -19"><span class='ocrx_word' id='word_1_280' title='bbox 165 3706 204 3768; x_wconf 81' lang='lat' dir='ltr'>Et</span> <span class='ocrx_word' id='word_1_281' title='bbox 217 3711 307 3770; x_wconf 81' lang='lat' dir='ltr'>fasces</span> <span class='ocrx_word' id='word_1_282' title='bbox 321 3713 423 3770; x_wconf 89' lang='lat' dir='ltr'>meruit</span> <span class='ocrx_word' id='word_1_283' title='bbox 435 3731 534 3786; x_wconf 86' lang='lat' dir='ltr'>regum</span> <span class='ocrx_word' id='word_1_284' title='bbox 546 3713 662 3769; x_wconf 87' lang='lat' dir='ltr'>ultimus</span> <span class='ocrx_word' id='word_1_285' title='bbox 675 3711 721 3768; x_wconf 92' lang='lat' dir='ltr'>ille</span> <span class='ocrx_word' id='word_1_286' title='bbox 735 3678 881 3770; x_wconf 83' lang='lat' dir='ltr'>bonoruin.</span> <span class='ocrx_word' id='word_1_287' title='bbox 1088 3713 1151 3774; x_wconf 73' lang='lat'>260</span> <span class='ocrx_word' id='word_1_288' title='bbox 1237 3771 1238 3774; x_wconf 58' lang='grc'>,</span> 
     </span>
     <span class='ocr_line' id='line_1_45' title="bbox 165 3786 961 3865; baseline 0.001 -21"><span class='ocrx_word' id='word_1_289' title='bbox 165 3786 280 3847; x_wconf 86' lang='lat' dir='ltr'>Prodita</span> <span class='ocrx_word' id='word_1_290' title='bbox 292 3789 424 3848; x_wconf 74' lang='lat' dir='ltr'>laxabant</span> <span class='ocrx_word' id='word_1_291' title='bbox 436 3799 579 3863; x_wconf 83' lang='lat' dir='ltr'>portarum</span> <span class='ocrx_word' id='word_1_292' title='bbox 593 3790 714 3849; x_wconf 85' lang='lat' dir='ltr'>claustra</span> <span class='ocrx_word' id='word_1_293' title='bbox 726 3788 854 3865; x_wconf 83' lang='lat' dir='ltr'>tyrannis</span> <span class='ocrx_word' id='word_1_294' title='bbox 959 3822 961 3826; x_wconf 66' lang='lat'>,</span> 
     </span>
    </p>
   </div>
   <div class='ocr_carea' id='block_1_3' title="bbox 1091 2930 1153 2989">
    <p class='ocr_par' dir='ltr' id='par_1_4' title="bbox 1091 2930 1153 2989">
     <span class='ocr_line' id='line_1_46' title="bbox 1091 2930 1153 2989; baseline 0 0"><span class='ocrx_word' id='word_1_295' title='bbox 1091 2930 1153 2989; x_wconf 76' lang='lat'>250</span> 
     </span>
    </p>
   </div>
   <div class='ocr_carea' id='block_1_4' title="bbox 0 0 1252 4274">
    <p class='ocr_par' dir='ltr' id='par_1_5' title="bbox 0 0 1252 4274">
     <span class='ocr_line' id='line_1_47' title="bbox 0 0 1252 4274; baseline 0 4"><span class='ocrx_word' id='word_1_296' title='bbox 0 0 1252 4274; x_wconf 95' lang='lat' dir='ltr'> </span> 
     </span>
    </p>
   </div>
  </div>
 </body>
</html>
