2494 4274
145 255 186 314 30
458 251 490 300 n.
507 249 603 300 sunm
621 247 816 300 Juvnusus
1232 286 1233 330 ,

146 393 236 452 Nunc
248 391 372 470 patimur
385 392 479 470 longe
491 392 572 468 pacis
585 393 668 450 mala.
710 391 817 450 sevior
831 389 918 449 amris
1075 390 1138 449 24⁵

146 472 273 531 Luxuria
287 472 427 544 incubuit,
442 472 603 546 victumque
618 471 765 530 ulciscitur
778 471 885 528 orbem.

147 551 267 609 Nullum
282 550 390 608 crimen
407 552 496 620 abest,
511 551 677 625 facinusque
692 548 829 619 libidinis,
843 567 879 605 er
892 565 949 624 quo

146 630 301 706 Paupertas
317 629 450 686 Romana
462 627 543 704 perit.
586 627 666 685 Hinc
680 627 761 685 fluxit
775 627 810 684 ad
825 627 893 684 istos

146 707 185 767 Et
199 708 316 784 Sybaris
329 707 426 780 colles,
441 707 509 764 hinc
523 717 553 764 et
565 707 695 778 Rhodos,
709 717 739 764 et
752 705 878 777 Miletos,

147 789 242 862 Atque
257 798 424 846 coronatum
437 798 466 844 et
478 785 610 861 petulans
623 785 825 859 madidumque
839 781 1007 842 Tarentum.
1076 783 1137 841 25⁰

147 863 245 924 Prima
258 865 422 941 peregrinos
435 865 570 923 obscoena
584 862 713 921 Pecunia
725 881 819 921 mores

91 1007 97 1016 ‚
147 942 259 1015 Intulit,
273 953 303 1001 et
316 944 390 1018 turpi
404 944 550 1018 fregerunt
564 941 670 1000 secula
683 941 752 1000 luxu

147 1020 262 1080 Divitiae
277 1020 383 1079 molles.
423 1020 507 1081 Quid
521 1020 598 1078 enim
613 1020 714 1078 Venus
727 1021 806 1078 ebria
818 1020 963 1079 curati-

187 1100 227 1159 Ut
237 1111 345 1176 spectet
358 1099 451 1171 ludos,
466 1100 602 1157 conducit
616 1099 745 1175 Ogulnia
758 1109 876 1172 vestem,

148 1179 294 1238 Conducit
308 1179 437 1250 comites,
451 1179 560 1250 sellun,
574 1179 707 1250 cervical,
721 1179 838 1249 arnicas,
1075 1175 1137 1233 255

148 1257 311 1330 Nutricem,
325 1268 354 1315 et
369 1256 480 1329 flavam,
494 1259 543 1316 cui
556 1260 606 1316 det
618 1259 761 1329 mandata,
776 1255 909 1333 puellam.

148 1336 222 1396 Haec
236 1349 330 1396 tamen
345 1337 456 1412 argenti
470 1348 598 1413 superest
611 1337 799 1411 quodcunque
810 1333 920 1412 paterni

148 1415 272 1476 Levibus
285 1416 408 1488 athletis,
420 1434 456 1474 ac
468 1435 535 1474 vasa
548 1417 701 1474 novissima
714 1416 810 1473 donat.

148 1494 250 1554 Multis
264 1515 309 1553 res
324 1507 444 1572 angusta
458 1495 551 1554 domi:
573 1496 623 1554 sed
638 1494 716 1552 nulla
728 1495 867 1570 pudorem

148 1574 326 1651 Paupertatis
341 1575 436 1647 habet,
451 1593 506 1632 nec
520 1593 550 1631 se
564 1574 679 1630 metitur
693 1574 728 1629 ad
742 1571 833 1643 illum,
1075 1569 1137 1627 9⁴60

147 1652 246 1714 Quem
261 1653 340 1709 dedit
351 1653 412 1709 haec
426 1653 585 1730 posuitque,
599 1652 724 1709 modum.
766 1649 880 1707 Tamen
893 1648 964 1707 utile
976 1647 1046 1723 quid
1058 1646 1096 1705 sit

148 1730 329 1806 Prospiciunt
342 1731 494 1805 aliquando
508 1730 579 1799 viri3
600 1730 744 1805 frigusque
758 1729 919 1804 famemque

149 1808 284 1867 Formica
297 1810 413 1867 tandem
431 1809 547 1884 quidam
560 1807 699 1885 expavere
713 1808 857 1884 magistri.

148 1887 271 1964 Prodiga
285 1908 342 1946 nou
357 1889 443 1946 sentit
457 1898 625 1963 pereuntem
640 1886 756 1944 foemina
769 1903 900 1960 censum,
1104 1954 1107 1958 ,

148 1968 205 2039 Ac,
220 1968 296 2026 velut
308 1968 445 2025 exhausti
459 1967 600 2024 recidivus
613 1966 732 2042 pullulet
744 1967 812 2023 arod
1075 1959 1137 2020 mu

149 2046 293 2104 Nummus
306 2058 335 2104 et
348 2067 365 2104 e
378 2047 463 2124 plano
478 2065 589 2122 semper
602 2047 715 2104 tollatur
729 2063 839 2117 acervo,

149 2125 216 2183 Non
231 2145 355 2200 unquam
366 2137 485 2201 reputat,
497 2125 594 2199 quanti
608 2125 661 2182 sibi
675 2126 780 2200 gaudia
794 2131 976 2182 constent.-

189 2204 221 2261 Si
235 2205 340 2280 gaudet
354 2214 458 2273 cantu3
480 2203 585 2260 nullius
598 2204 684 2260 fibula
697 2205 781 2260 durat

149 2283 259 2341 Vocem
273 2283 422 2340 vendentis
435 2282 620 2359 praetoribus:
641 2301 748 2357 organa
761 2299 871 2358 semper

149 2360 185 2419 In
200 2362 349 2420 manibus:
371 2361 453 2418 densi
467 2362 577 2419 radiant
590 2361 733 2419 testudine
747 2361 806 2418 toti
1075 2360 1137 2418 270

150 2441 348 2516 Sardonychas
361 2460 367 2497 :
389 2441 483 2518 crispo
495 2451 681 2499 numerantur
694 2441 808 2516 pectine
822 2439 947 2511 chordae,

148 2520 218 2581 Quo
231 2534 312 2579 tener
326 2521 500 2596 Hedymeles
513 2539 614 2596 operas
627 2520 724 2578 dedit:
747 2519 824 2576 hunc
837 2529 926 2591 tenet,
941 2519 996 2576 hoc
1009 2535 1041 2574 ss

149 2600 272 2671 Solatur,
288 2613 423 2674 gratoque
438 2599 566 2673 indulget
580 2599 658 2654 basia
670 2599 786 2672 plectro.

148 2676 293 2737 Quadam
307 2677 343 2732 de
358 2694 477 2734 numero
490 2675 654 2732 Lamiarum
669 2694 703 2731 ac
717 2675 840 2731 nominis
855 2673 905 2732 alti

148 2754 224 2812 Cum
238 2754 310 2810 serre
325 2764 355 2810 et
368 2753 434 2810 vino
448 2752 555 2808 Jauum
571 2753 743 2827 Vestamque
757 2753 883 2828 rogabat,
1074 2754 1136 2814 275

148 2833 199 2890 An
214 2830 403 2908 Capitolinam
417 2830 534 2888 deberet
548 2829 638 2889 Pollio
650 2848 786 2905 quercum

149 2912 280 2986 sperare,
293 2920 322 2967 et
336 2909 440 2966 fidibus
452 2909 622 2985 promittere.
663 2908 745 2969 Quid
760 2910 866 2968 faceret
879 2909 943 2986 plus

148 2989 318 3065 AEgrotame
328 2989 407 3046 rirol
428 2988 548 3046 medicis
561 2989 628 3064 quid
642 2987 769 3046 tristibus
782 3007 851 3066 erga

148 3067 307 3127 Filiolunt
348 3069 433 3127 Stetit
446 3079 513 3126 ante
526 3087 614 3140 aram,
629 3087 683 3126 nec
697 3079 778 3145 turpe
791 3068 898 3145 putavit

148 3147 204 3207 Pro
217 3147 327 3206 cithari
341 3149 433 3206 velare
447 3159 551 3223 caput;
574 3149 735 3223 dictataque
749 3149 834 3206 verba
1075 3147 1138 3206 280

148 3226 278 3298 Pertulit,
292 3237 324 3283 ut
336 3245 398 3284 mos
411 3237 463 3296 est,
477 3237 506 3283 et
520 3228 616 3300 aperti
630 3228 729 3303 palluit
743 3229 827 3302 agnd.

147 3302 205 3362 Dic
219 3305 287 3362 mihi
301 3323 389 3376 nunc,
403 3321 509 3379 queso,
523 3304 580 3376 dic,
595 3306 788 3380 antiquissime
802 3304 908 3374 divium,

147 3381 318 3460 Respondes
333 3382 386 3454 his,
402 3382 476 3439 Jane
489 3385 591 3458 paterl
632 3383 740 3459 Magna
752 3383 810 3439 otia
824 3380 908 3438 coeli:

147 3460 216 3520 Non
230 3473 282 3535 est,
297 3473 329 3520 ut
342 3461 434 3534 video,
448 3480 505 3519 nou
520 3474 571 3534 est,
585 3464 659 3538 quod
674 3472 772 3536 agatur
786 3459 862 3535 apud
876 3477 932 3517 vos

148 3539 222 3599 Haec
235 3543 271 3599 de
285 3541 422 3600 comcedis
435 3552 464 3598 te
477 3542 615 3600 consulit:
637 3539 683 3596 illa
698 3539 857 3614 tragoedum
1072 3539 1134 3600 285

148 3619 359 3679 Commendare
374 3620 463 3679 volst:
484 3621 629 3680 varicosus
642 3619 691 3677 fret
702 3619 851 3695 haruspex.

189 3697 246 3754 Sed
260 3709 357 3757 cantet
366 3696 469 3774 potius,
483 3698 568 3774 quim
582 3710 668 3759 totam
681 3697 805 3775 pervolet
818 3698 919 3758 urbem

148 3775 264 3850 Audax,
277 3787 307 3834 et
318 3788 411 3834 cretus
423 3777 512 3852 possit
519 3775 612 3851 quim
626 3778 699 3835 serre
712 3777 845 3851 virorum,
