2494 4274
182 273 221 340 12
493 271 526 321 D.
542 272 640 322 JUNII
656 270 853 322 JUVENALIS

180 411 243 470 Res
258 423 377 489 augusta
390 411 484 482 domi;
505 414 556 472 sed
571 413 673 472 Roma
687 413 783 471 durior
798 413 854 471 illis

179 491 324 549 Conatus:
346 509 449 566 magno
462 491 615 568 hospitium
630 491 798 564 miserabile,
813 503 917 568 magno

179 570 330 631 Servorum
345 582 466 641 ventres,
481 580 510 628 et
524 570 598 645 frugi
612 590 686 628 οωιιι
679 571 725 628 1ιΙιι
738 588 851 645 magno.

179 647 329 704 Fictilibus
342 667 455 705 coenare
469 649 566 725 pudet,
580 649 655 724 quod
670 660 751 724 turpe
766 647 881 724 negavit

177 724 348 784 Translatus
362 723 455 784 subitd
469 728 505 784 ad
520 727 630 784 Marsos
644 745 826 801 mensamque
842 725 1002 795 Sabellam

177 803 392 878 contentusque
406 803 465 862 illic
490 817 591 864 veneto
605 805 731 878 duroque
745 803 860 861 culullo.

216 881 285 939 Pars
298 901 402 957 magna
415 883 505 938 Italiae
518 894 571 954 est,
586 883 610 939 si
623 900 720 938 verum
735 881 942 954 admittimuss
934 901 964 939 ιιι
978 881 1035 956 qud

176 957 272 1018 Nemo
285 970 380 1035 togam
393 959 488 1031 sumit,
502 961 558 1017 nisi
573 971 698 1017 mortus
764 979 814 1036 psa
827 928 938 1020 dieruin

176 1037 327 1096 Fastorum
342 1038 460 1096 herboso
475 1005 576 1096 dolitur
590 1058 614 1095 ει
579 979 782 1112 wqildbp
766 1039 863 1096 heatro

176 1113 321 1191 Majestas,
335 1117 505 1192 tandemque
519 1117 593 1174 redit
607 1118 641 1173 ad
657 1117 765 1192 pulpita
777 1128 877 1176 notum

176 1193 327 1266 Exodium,
342 1213 429 1269 quum
442 1213 570 1270 persona
589 1195 721 1270 pallentis
736 1195 845 1251 hiatum

174 1270 211 1328 In
225 1272 333 1347 gremio
348 1273 443 1330 matris
458 1273 590 1332 formidat
602 1273 725 1330 rusticus
739 1274 852 1339 infans3

175 1349 313 1424 AEquales
327 1349 441 1408 habitus
455 1350 523 1424 illic,
539 1351 698 1428 similesque
712 1352 821 1408 videbis

173 1428 357 1486 Orchestram
372 1437 401 1486 et
414 1430 568 1506 populum:
590 1431 658 1488 clari
673 1431 801 1488 velamen
816 1429 940 1502 honoris,

173 1508 327 1565 Sufficiunt
340 1509 444 1565 tunicae
457 1511 575 1566 summis
589 1511 717 1568 aedilibus
731 1509 809 1566 albae.

173 1585 233 1643 Hic
247 1586 356 1644 ultra
332 1605 405 1644 vires
419 1587 531 1644 habitus
545 1589 635 1645 nitor·
657 1588 705 1644 lric
719 1586 824 1660 aliquid
837 1585 910 1661 plus,

171 1661 272 1724 Quam
287 1660 355 1720 satis
368 1674 421 1733 est,
436 1665 577 1720 interdum
592 1665 685 1722 aliena
698 1666 817 1721 sumitur
831 1664 906 1720 arod

172 1742 333 1800 Commune
348 1742 376 1797 id
391 1742 488 1798 vitium
502 1752 552 1799 est.
594 1741 693 1798 Hic
669 1742 786 1798 vivimus
801 1742 949 1799 ambitiosa

171 1818 342 1895 Paupertate
356 1838 463 1878 omnes.
503 1820 585 1881 Quid
599 1832 627 1876 te
641 1821 753 1878 mororl
774 1819 881 1890 Omnia
895 1821 998 1878 Romae

171 1898 247 1954 Cum
261 1897 357 1986 pretip.
397 1898 479 1959 Quid
491 1898 551 1969 das,
567 1909 598 1956 ιιι
612 1899 732 1956 Cossum
747 1883 897 1973 aliquando
911 1899 1036 1956 salutesl

171 1975 210 2032 Ut
223 1986 251 2032 te
266 1977 401 2050 respiciat
414 1977 511 2034 clauso
525 1945 647 2034 Veiento
660 1977 782 2034 labellol

169 2045 223 2110 ille
238 2055 317 2110 metit
331 2056 456 2127 barbam,
472 2057 578 2113 crinem
595 2055 641 2112 bic
657 2056 773 2131 deponit
784 2055 877 2112 amati

170 2131 259 2188 Plena
272 2132 374 2190 domus
387 2101 456 2190 libis'
465 2135 621 2190 venalibus.
663 2134 783 2210 Accipe,
798 2145 827 2190 et
841 2133 916 2191 istud

170 2209 355 2268 Fermentum
369 2212 419 2268 tibi
436 2212 521 2268 habe:
542 2223 673 2286 praestare
687 2212 792 2268 tributa
806 2212 925 2268 clientes
1097 2212 1155 2270 170

161 2287 316 2364 Cogimur,
332 2302 360 2346 et
374 2291 457 2347 cultis
471 2308 575 2380 augere
590 2289 701 2364 peculia
720 2291 814 2346 servis.

207 2366 284 2427 Quis
297 2369 387 2438 timet,
402 2380 450 2426 aut
463 2367 557 2425 timuit
570 2367 663 2442 gelida
679 2367 821 2424 Praeneste
836 2367 957 2440 ruinam,

168 2445 229 2501 Aut
241 2447 339 2520 positis
353 2461 500 2504 nemorosa
511 2447 583 2504 inter
596 2446 664 2522 juga
677 2446 823 2518 Volsiniis,
838 2458 887 2504 aut

167 2523 352 2598 Simplicibus
364 2525 472 2596 Gabiis,
488 2536 536 2582 aut
549 2525 630 2600 proni
644 2524 762 2582 Tiburis
776 2527 861 2582 arce?

166 2601 229 2659 Nos
243 2603 340 2660 urbem
357 2604 475 2660 colimus
486 2605 564 2660 tenui
579 2604 696 2660 tibicine
711 2604 808 2660 sultam

166 2677 275 2754 Magna
289 2693 367 2754 parte
382 2681 433 2735 sui.
475 2681 503 2736 N
507 2701 550 2736 am
565 2700 607 2736 src
621 2681 780 2737 labentibus
794 2680 887 2736 obstat

168 2755 296 2827 Villicus,
310 2770 340 2813 et
353 2758 455 2814 veteris
468 2759 546 2814 rimae
559 2777 646 2830 quum
660 2759 732 2815 texit
746 2755 867 2827 hiatum,

166 2835 288 2892 Securos
302 2835 444 2909 pendente
456 2835 537 2910 jubet
551 2835 672 2892 dormire
686 2835 779 2892 ruind.

165 2911 326 2969 Vivendum
341 2925 384 2970 est
398 2912 466 2984 illic,
482 2913 531 2968 ubi
545 2912 623 2968 nulla
636 2912 780 2983 incendia,
791 2911 862 2968 nulli
1240 2975 1241 2987 ,

164 2988 258 3047 Nocte
272 3003 371 3048 metus.
412 2957 478 3046 Jar'n
492 2989 584 3064 poscit
599 3008 709 3078 aquam,
721 2989 779 3065 jam
794 2989 891 3046 frivola
904 2989 1035 3048 transfert
1090 2992 1146 3050 180

163 3067 327 3159 Ucalegon,
349 3069 474 3126 tabulata
487 3067 566 3124 tibi
556 3085 615 3143 Jam
629 3068 711 3124 tertia
724 3069 886 3124 sumanus*

163 3146 211 3204 Τιι
225 3149 329 3204 nescis
355 3136 484 3204 Na’rr'r‘si
498 3145 633 3220 gradibus
646 3147 799 3220 trepidatur
814 3147 867 3202 ab'
859 3148 933 3218 imis,

162 3223 284 3282 Ultimus
299 3225 417 3295 ardebit,
431 3242 515 3297 quem
529 3224 628 3298 tegula
641 3223 700 3280 sola
714 3235 858 3281 tuetur
842 3229 925 3264 anua
926 3221 966 3270 'lss

161 3301 308 3375 Apluvia‚
324 3302 422 3358 molles
436 3301 483 3356 ubi
498 3301 621 3357 reddunt
634 3320 687 3357 ova
698 3302 859 3358 columba
922 3309 930 3370 vJ
1145 3355 1152 3362 .
1238 3351 1239 3376 ,

161 3377 267 3436 Lectus
280 3389 340 3435 erat
354 3377 448 3434 Codro
462 3377 583 3436 Procula
598 3379 699 3451 minor,
715 3379 821 3435 urceoli
836 3371 936 3448 sex,
1085 3379 1143 3439 185

159 3455 368 3514 Ornamentum
383 3454 559 3522 abaciaco
573 3475 631 3513 non
645 3468 674 3514 et
686 3456 819 3533 parvulus
832 3453 940 3513 infrd

159 3535 331 3604 Cantharus,
346 3545 375 3591 et
388 3533 528 3592 recubans
542 3535 595 3591 sub
608 3536 708 3592 eodem
723 3551 862 3590 marmore
876 3533 1002 3606 Chirou;

160 3611 281 3686 Jamque
295 3625 375 3671 vetris
388 3613 505 3672 Graecos
519 3613 646 3670 servabat
661 3614 732 3670 cista
744 3611 865 3685 libellos,

159 3687 198 3749 Itt
210 3689 305 3747 divina
318 3691 392 3767 opicr
385 3691 545 3749 rodebant
559 3692 686 3750 carmina
700 3709 804 3747 mures

160 3764 210 3823 Nil
224 3766 321 3826 habuit
335 3769 464 3828 Codrus.
485 3770 547 3844 quis
561 3771 638 3828 enim
651 3770 832 3848 negattt
778 3699 917 3827 et't‘dr-nen
932 3765 1001 3830 illud
1084 3771 1140 3830 190
