2494 4274
267 629 317 702 Α.
359 627 590 706 PERSll
635 629 888 710 FLACCI

460 866 694 932 SATIRAE.

486 1273 672 1327 utromque.

283 1415 313 1473 N
314 1433 352 1473 nu
365 1415 443 1472 iente
456 1413 536 1472 lubre
549 1414 640 1490 prolui
651 1415 802 1491 etbellino,

243 1493 345 1569 Neque
359 1493 389 1551 in
404 1491 515 1569 bicipiti
525 1493 681 1550 somnidsse
694 1492 834 1554 Parnasso

245 1571 377 1643 Memini,
391 1580 423 1629 ut
436 1568 553 1646 repentd
568 1569 610 1628 sie
623 1574 709 1645 poete
721 1571 872 1646 prodirem

244 1649 486 1724 Helieunidssque
498 1647 688 1725 pallidumque
701 1648 825 1710 Pirenen

244 1727 306 1786 Illis
318 1726 441 1798 remitte,
454 1744 575 1801 quorum
588 1727 729 1803 imagines
742 1727 873 1790 lambunt

245 1805 368 1863 Hederae
382 1821 519 1886 sequaces
530 1823 536 1861 :
557 1804 618 1881 ipse
632 1805 833 1882 semipegenus

244 1884 293 1942 Ad
306 1900 388 1940 suere
401 1897 495 1940 vatum
509 1901 625 1942 carmen
642 1883 728 1942 affere
741 1896 878 1944 nostrum.

243 1961 321 2023 Quis
333 1959 476 2036 expedivit
489 1961 609 2036 psitteeu
622 1979 706 2020 suum
719 1964 810 2040 Χαῖρε,

244 2039 383 2114 Pisasque
397 2037 496 2095 denuit
508 2037 593 2095 verbs
607 2048 703 2096 nostru
716 2040 835 2098 senarii

245 2116 382 2192 Magister
397 2114 465 2173 artis
479 2113 633 2191 iugenique
646 2116 761 2192 largitor

244 2196 363 2265 Venter,
376 2212 396 2249 n
451 2203 495 2250 tus
508 2193 610 2252 artifex
622 2195 701 2271 sequi
715 2213 807 2254 voees

243 2269 334 2334 Qudd
346 2271 372 2327 si
385 2271 422 2327 do
432 2272 474 2330 osi
487 2291 552 2348 spes
565 2273 706 2332 refulserit
719 2274 839 2346 nummi,

243 2350 351 2408 Cervos
363 2351 462 2424 polites
474 2360 504 2407 et
516 2351 642 2425 poetriae
654 2351 735 2427 piees

244 2427 369 2486 Cuntnre
382 2426 483 2486 eredes
496 2427 668 2503 Pegaseium
681 2438 790 2486 neetar.

474 2735 633 2796 SATIRA
656 2735 681 2795 1.

126 2893 174 2952 Ὀ
187 2911 281 2954 cunas
295 2891 458 2953 hominum!
480 2892 510 2950 0
522 2906 660 2969 quantum
673 2906 717 2954 est
730 2895 761 2953 in
774 2896 860 2954 rebus
873 2895 976 2956 inane!

85 2971 166 3034 Quis
178 2972 254 3048 leget
267 2973 357 3030 heel'
379 2968 452 3029 Min’
464 2981 495 3029 tu
504 2972 580 3029 istud
591 2971 654 3032 aial
675 2971 788 3030 ‘Nemo
798 2974 933 3030 hereule'
954 2973 1070 3040 Nemo?

87 3055 96 3082 ⁸
109 3049 164 3108 Vel
177 3050 246 3121 duo,
258 3049 303 3107 nel
315 3067 416 3107 neme:
530 3059 560 3106 et
572 3046 750 3105 miserabile!
791 3048 912 3109 Quarel

86 3125 137 3184 Ne
150 3125 221 3185 mihi
234 3127 405 3202 Pulydsmus
417 3137 447 3183 et
489 3125 601 3182 roindes
615 3123 778 3180 Labeonem

87 3203 289 3263 Praetulerinti
308 3222 409 3282 nugse:
431 3220 500 3273 unu,
514 3201 538 3258 si
551 3199 621 3276 quid
631 3199 744 3258 turbida
757 3200 851 3260 Reme
1049 3203 1070 3260 ὅ

88 3281 199 3354 Eleum,
213 3283 344 3356 aeeedas,
359 3297 515 3348 examenve
528 3278 687 3370 improbum
701 3277 731 3338 iu
746 3277 796 3338 illt

88 3358 220 3436 castiges
229 3361 355 3419 mutini:
376 3377 432 3419 nee
445 3370 474 3418 te
487 3358 648 3434 quesrveris
660 3356 750 3418 extrd.

88 3435 166 3494 Nam
179 3435 282 3496 Rome
296 3437 360 3514 quis
372 3439 452 3497 uani
472 3439 519 3510 alr,
533 3437 557 3496 si
571 3438 615 3498 ius
628 3438 738 3496 dicere!
759 3437 809 3496 sed
824 3435 867 3496 fas
954 3445 966 3458 ⁴

87 3513 187 3588 Tune,
201 3533 289 3591 quum
303 3516 339 3572 sd
352 3516 487 3574 canitiem
500 3525 529 3578 et
542 3527 669 3576 nostrum
683 3516 758 3573 istud
771 3515 864 3572 virere
877 3514 957 3580 triste

88 3591 207 3668 Aspexi,
221 3602 253 3651 et
265 3590 389 3650 nucibus
401 3593 522 3651 lauimus
535 3609 714 3669 quecunque
733 3591 850 3662 reliutis,
1033 3591 1071 3653 lo

87 3668 190 3731 Quum
203 3668 331 3746 sapimus
342 3677 471 3744 patruos:
492 3681 573 3740 tune,
587 3677 667 3738 tune,
682 3666 830 3742 ignuseite.
870 3665 982 3735 ‘Nola'

87 3745 170 3811 Quid
182 3747 309 3807 saeiamt
329 3745 380 3805 sed
393 3763 457 3806 sum
469 3745 608 3821 petulenti
621 3744 719 3822 splene
732 3745 883 3806 caehinno.
