2502 4284
444 239 446 244 '
498 251 622 302 samm
639 253 671 304 v.

87 383 145 446 Ore
159 400 237 448 teres
252 390 375 463 modico,
388 392 528 468 pallentes
540 395 640 454 redere
655 401 749 454 motas

87 464 207 540 Doctus,
222 479 253 524 et.
266 468 393 546 ingenuo
404 471 517 547 ctdpam
531 471 656 548 defigere
669 473 747 532 ludo.

87 543 167 602 Hinc
180 547 271 618 trahe,
285 565 348 622 quat
363 547 452 622 dicas,
467 569 652 625 mensamque
666 551 795 626 relinque
809 550 943 628 Mycenis

87 623 162 680 Cum
177 625 271 699 capite
285 637 314 682 et
327 626 456 701 pedibus,
470 628 636 704 plebeinque
650 631 770 703 prandia
783 629 869 688 nuris.

123 701 194 759 Non
209 703 341 777 equidem
356 705 410 762 hoc
423 707 534 777 studeo,
549 706 662 762 btdlatis
676 719 707 764 ut
720 707 791 764 mibi
804 709 888 784 nugis

88 779 197 855 Pagina
210 791 364 858 turgescat,
378 783 446 840 dare
459 785 570 858 pondus
583 783 687 842 idonea
701 785 786 842 sumo.

86 858 198 932 Secreti
213 859 360 933 loquimur.
402 861 471 918 Tibi
484 879 573 933 nunc,
588 862 718 920 hortante
733 863 883 936 Camoni,

89 935 271 994 Excutienda
282 938 382 996 damus
395 941 567 1014 precordia:
588 951 749 1016 quantaque
763 953 866 999 nostrae

88 1015 156 1071 Pars
167 1026 218 1072 tua
231 1015 277 1086 sit,
292 1015 429 1088 Cornute,
443 1018 556 1090 anime,
570 1017 632 1090 tibi,
646 1018 739 1076 dulcis
753 1020 855 1092 amice,

84 1093 257 1150 Ostendisse
270 1095 358 1169 juvat.
401 1093 496 1168 Pulsa,
510 1097 678 1171 dignoscere
692 1107 802 1170 cautus,

82 1171 166 1230 Quid
182 1170 305 1228 solidum
319 1183 426 1250 crepet,
440 1184 469 1231 et
481 1174 565 1249 pictae
578 1174 697 1232 tectoria
709 1175 823 1250 lingue.

84 1249 143 1306 His
156 1269 211 1326 ego
224 1261 361 1308 centenus
375 1251 464 1308 ausim
474 1253 628 1327 deposcere
642 1271 736 1324 voces,

83 1327 133 1400 Ut,
148 1326 287 1403 quantum
301 1329 370 1386 mihi
380 1340 409 1386 te
423 1329 537 1388 sinuoso
551 1331 582 1386 in
595 1342 709 1405 pectore
723 1331 782 1402 firi,

83 1406 167 1464 Voce
181 1407 291 1464 traham
303 1409 385 1483 puri,
396 1419 544 1482 totumque
558 1408 613 1464 hoc
628 1409 712 1464 verbe
724 1411 880 1484 resignent,

83 1485 176 1546 Quod
190 1486 261 1544 latet·
271 1485 376 1543 arcani
386 1505 445 1544 non
460 1485 617 1543 enarrabile
631 1485 710 1543 fibra.

125 1563 228 1624 Quum
242 1562 364 1640 primum
378 1564 480 1640 pavido
493 1575 590 1622 custos
603 1563 672 1620 milri
686 1581 811 1640 purpura
824 1563 920 1636 cessit,

84 1640 227 1718 Bullaque
237 1643 392 1700 succinctis
402 1643 509 1700 laribus
522 1643 627 1700 donata
641 1643 793 1718 pependit;

85 1720 189 1780 Quum
205 1720 301 1778 blandi
315 1721 442 1794 comites,
454 1722 567 1796 totique
581 1721 697 1797 impune
712 1721 826 1779 Suburd

85 1798 221 1856 Permisit
234 1800 368 1876 sparsisse
382 1800 480 1858 oculus
490 1799 549 1874 jam
563 1801 703 1857 candidus
716 1801 822 1870 urnbn;

84 1878 243 1953 Quumque
258 1879 310 1934 iter
325 1877 490 1954 ambiguum
504 1890 557 1950 est,
571 1889 600 1934 et
613 1879 676 1934 vitae
690 1880 806 1936 nescius
815 1897 892 1936 error

85 1955 208 2014 Diducit
220 1956 344 2033 trepidas
357 1975 467 2014 ramosa
481 1955 511 2013 in
525 1957 648 2030 compita
662 1968 787 2015 mentes:

86 2033 137 2090 llle
151 2034 203 2090 tibi
217 2034 358 2110 supposui.
401 2033 531 2091 Teucros
542 2043 573 2089 tu
586 2033 706 2109 suscipis
719 2052 808 2092 annos

86 2113 244 2184 Socratico,
256 2113 393 2184 cornute,
407 2113 481 2170 sinu.
522 2111 610 2168 Tune
624 2111 719 2170 sullere
733 2111 822 2170 solers
899 2113 905 2130 '

85 2191 227 2266 Apposita
240 2191 357 2250 intortos
371 2191 495 2248 ostendit
507 2191 606 2266 regula
616 2210 728 2260 mores;

86 2269 123 2325 Et
136 2270 274 2344 premitur
288 2269 395 2326 ratione
410 2269 531 2340 enimus,
546 2269 676 2342 vincique
685 2269 804 2341 laborat,

87 2347 295 2422 Artificemque
309 2359 358 2404 tuo
373 2348 452 2404 ducit
465 2347 518 2404 sub
531 2347 634 2422 pollice
650 2347 763 2404 vultum.

86 2425 202 2482 Tecum
217 2427 323 2483 etenim
337 2426 437 2501 longos
450 2425 566 2482 memini
581 2443 749 2480 consumere
763 2425 847 2496 soles,

86 2503 123 2561 Et
137 2515 236 2562 tecum
248 2504 353 2580 primas
366 2505 455 2579 epulis
470 2504 622 2578 decerpere
636 2512 746 2558 noctes.
849 2519 852 2525 ·

86 2581 185 2638 Unum
200 2602 271 2659 opus
285 2594 313 2640 et
327 2583 454 2658 requiem
467 2582 571 2658 pariter
581 2579 758 2656 disponimus
771 2578 865 2650 ambo,

86 2662 184 2737 Atque
198 2661 360 2718 verecundia
373 2659 500 2718 laxamus
514 2659 587 2718 seria
601 2657 709 2718 mensi.

85 2738 154 2796 Non
169 2739 302 2815 equidem
316 2739 371 2796 hoc
381 2740 503 2812 dubites,
517 2737 663 2796 amborum
678 2737 783 2794 foedere
796 2745 875 2796 certe

85 2818 260 2876 Consentire
274 2818 345 2890 dies,
359 2828 389 2875 et
402 2818 439 2875 ab
452 2837 511 2876 uno
523 2818 615 2876 sidere
630 2816 705 2874 duci.

84 2895 194 2955 Nostra
206 2897 251 2954 vel
266 2896 365 2972 equali
378 2897 526 2972 suspendit
538 2907 665 2972 tempora
678 2894 765 2952 Libre

85 2974 180 3032 Parca
193 2986 280 3032 tenax
292 2974 360 3046 veri,
375 2994 425 3032 seu
437 2985 504 3032 nata
517 2974 647 3032 fidelibus
661 2974 730 3030 hore

85 3053 198 3110 Dividit
210 3053 241 3111 in
255 3053 392 3110 Geminos
405 3053 559 3110 concordia
572 3051 629 3108 fata
642 3051 775 3121 duorum,
824 3093 828 3102 .

86 3133 300 3207 Saturnumque
313 3150 428 3207 gravem
442 3142 537 3188 nostro
550 3128 621 3186 Jove
635 3126 793 3204 frangimus
807 3125 875 3186 uni.

86 3210 197 3268 Nescio
209 3211 283 3285 quod
297 3208 375 3268 certe
390 3219 444 3281 est,
457 3209 532 3284 quod
543 3226 589 3264 me
602 3205 653 3264 tibi
672 3217 819 3283 temperat,
833 3215 951 3266 utrum.

128 3285 210 3346 Mille
224 3287 369 3347 hominurn
385 3287 505 3366 species,
518 3297 548 3344 et
560 3305 654 3345 rerum
668 3285 788 3346 discolor
802 3305 880 3346 usus.

85 3367 171 3426 Velle
185 3386 268 3424 sunm
281 3368 385 3443 cuique
398 3378 451 3440 est,
466 3385 521 3424 nec
534 3378 598 3424 voto
616 3365 717 3425 vivitur
727 3385 786 3424 uno

85 3445 236 3504 Mercibus
249 3446 298 3504 hic
310 3445 391 3504 Italis
404 3456 495 3504 mutat
505 3445 559 3504 sub
572 3447 631 3504 sole
645 3445 755 3504 recenti

84 3525 239 3600 Rugosum
252 3525 342 3600 piper,
355 3535 384 3580 et
396 3524 528 3598 pallentis
538 3543 629 3602 grana
641 3521 767 3578 cumini:

85 3603 148 3662 Hic
162 3614 238 3660 satur
252 3603 360 3676 irriguo
372 3602 478 3658 mavult
490 3613 652 3678 turgescere
663 3613 779 3656 somno:

86 3681 147 3739 Hic
161 3679 272 3757 Campo
285 3677 430 3756 indulget:
453 3678 530 3736 hunc
545 3677 607 3734 alea
621 3673 772 3749 decoquit:
793 3671 841 3732 ille

86 3759 124 3820 In
137 3759 283 3818 Venerem
295 3773 339 3816 est
352 3755 460 3833 putris:
481 3756 531 3814 sed
544 3773 631 3831 quum
644 3752 772 3830 lapidosa
785 3754 924 3834 cheragra

323 3838 345 3894 9
357 3836 375 3871 s
