2494 4274
512 285 636 334 SATIRA
652 285 700 335 111.
1075 289 1097 349 9

107 425 232 506 (Omnis
238 424 316 483 enim
323 425 428 502 populo
435 427 595 484 mercedem
608 429 733 504 pendere
744 429 822 504 jussa
835 439 879 487 est
1058 429 1096 490 15

106 507 216 576 Arbor,
230 517 259 562 et
273 503 370 580 ejectis
384 505 530 562 mendicat
543 506 611 562 silva
625 506 784 585 Camoenis)

107 584 148 640 In
163 583 265 640 vallem
280 578 392 658 Egeriae
407 583 617 653 descendimus,
631 593 660 640 et
671 585 821 659 speluncas

106 661 274 719 Dissimiles
288 661 368 717 veris.
408 659 530 720 Quanto
544 663 720 736 prestantius
734 675 809 720 esset

107 739 232 796 Numen
246 758 335 814 aquae,
349 738 429 794 viridi
444 739 467 794 si
481 741 609 813 margine
625 739 769 797 clauderet
789 742 881 798 undas

109 816 223 888 Herba,
239 835 294 872 nec
306 817 462 890 ingenuum
476 817 613 874 violarent
627 835 766 875 marmora
779 819 895 894 tophum
907 818 920 874 l
1056 817 1096 878 20

109 895 175 952 Hic
188 907 256 952 tunc
270 893 442 965 Umbricius,
457 894 585 954 Quando
598 895 714 967 artibus,
730 895 829 970 inquit,
844 893 970 954 honestis

110 973 220 1030 Nullus
233 973 264 1028 in
278 971 355 1028 Urbe
369 973 457 1044 locus,
472 973 549 1028 nulla
563 973 754 1030 emolumenta
768 974 905 1046 laborum,

111 1051 178 1108 Res
192 1051 274 1108 hodie
289 1050 380 1106 minor
393 1061 445 1120 est,
460 1048 527 1107 here
542 1049 626 1124 qulam
641 1051 703 1122 fuit,
718 1062 802 1126 atque
816 1052 916 1110 eadem
930 1069 993 1110 cras

111 1128 233 1186 Deteret
246 1127 357 1202 exiguis
371 1127 475 1201 aliquid
489 1145 496 1184 τ
517 1129 699 1204 proponimus
714 1127 781 1186 illuc

112 1206 173 1278 Ire,
187 1207 318 1280 fatigatas
332 1205 381 1260 ubi
395 1204 530 1262 Daedalus
543 1207 621 1262 exuit
634 1207 702 1278 alas,
1055 1208 1096 1266 25

113 1283 192 1341 Dum
207 1283 422 1353 novacanities,
437 1284 505 1339 dum
519 1285 590 1359 prim
623 1295 651 1340 et
664 1294 743 1342 recta
756 1297 898 1359 senectus,

111 1362 192 1419 Dum
206 1373 332 1437 superest
346 1361 477 1433 Lachesi,
491 1362 565 1436 quod
580 1373 608 1419 to
642 1373 716 1435 neat,
731 1365 892 1440 etpedibus
905 1381 951 1422 ms

112 1439 200 1498 Porto
213 1440 294 1511 meis,
309 1439 388 1496 nullo
402 1440 530 1494 dextram
545 1441 684 1496 subeunte
698 1441 810 1500 bacillo.

113 1519 258 1576 Cedamus
271 1516 378 1594 patrib:
399 1517 494 1573 vivant
507 1517 637 1573 Artorius
651 1515 715 1573 istic

112 1596 152 1654 Et
167 1597 300 1654 Catulus:
322 1605 466 1666 maneant,
480 1595 527 1668 qui
542 1595 655 1669 nigrum
670 1594 699 1650 in
714 1596 836 1654 candida
857 1606 978 1670 venunt,
1057 1597 1097 1712 qil

112 1673 191 1736 Quis
206 1675 287 1732 facile
300 1685 344 1730 est
355 1674 444 1729 sedem
460 1673 632 1806 offlqcem,
646 1672 774 1745 flumina,
789 1685 894 1751 portus,
905 1687 968 1744 upa
978 1669 1005 1730 la
1020 1687 1057 1725 os
1066 1693 1091 1728 n

113 1753 286 1810 Siccandam
300 1751 431 1822 eluviem,
444 1763 544 1826 portari
565 1769 614 1807 um
629 1751 664 1808 ad
680 1751 761 1808 busta
774 1755 905 1826 cadaver,

112 1831 152 1889 Et
166 1832 289 1906 praebere
304 1839 389 1904 caput
402 1829 518 1886 domina
531 1830 629 1886 venale
643 1830 696 1885 sub
710 1830 799 1888 hasta.

111 1909 267 1970 Quondam
282 1908 311 1966 hi
326 1907 494 1979 cornicines,
508 1918 537 1964 et
550 1907 730 1982 municipalis
743 1927 837 1968 arene

111 1987 245 2062 Perpetui
259 1987 381 2056 comites
420 1997 529 2060 otaeque
542 2005 592 2060 per
605 1986 709 2060 oppida
723 1986 831 2060 bucce,

111 2060 238 2122 Munera
250 2083 328 2121 nunc
341 2084 358 2121 e
380 2074 440 2136 unt,
452 2075 481 2121 et
495 2082 574 2121 verso
587 2063 691 2138 pollice
705 2065 781 2140 vulgi

111 2144 211 2206 Quem
222 2143 292 2200 libe't
304 2142 440 2199 occidunt
452 2141 638 2218 populariter:
660 2142 727 2199 inde
741 2143 845 2202 reversi

111 2223 287 2280 conducunt
300 2221 419 2306 foricasj
447 2229 477 2275 et
497 2237 550 2278 cur
567 2239 625 2277 non
639 2221 755 2278 omnial
776 2241 863 2298 quum
877 2221 945 2296 sint,

111 2300 223 2361 Quales
236 2319 271 2356 ex
286 2299 384 2355 humili
398 2317 502 2373 magna
515 2300 550 2354 ad
565 2299 676 2375 fastigia
688 2317 783 2358 rerum

111 2377 240 2448 Extollit,
254 2377 363 2452 quoties
376 2376 463 2434 voluit
478 2375 603 2433 Fortuna
614 2378 711 2452 jocari.

110 2455 193 2518 Quid
208 2456 309 2512 Romae
324 2455 446 2511 faciaml
467 2455 579 2510 mentiri
594 2457 709 2512 nescio:
730 2455 843 2528 librum,

112 2537 145 2593 Si
160 2535 249 2590 malus
263 2543 314 2604 est,
329 2552 439 2607 nequeo
452 2532 567 2588 laudare
581 2542 609 2587 et
618 2531 755 2607 poscere:
778 2545 871 2590 motus

111 2615 263 2670 Astrorum
277 2612 376 2686 ignoro
391 2631 397 2667 :
420 2610 504 2666 sunus
519 2610 680 2684 promittere
693 2611 780 2685 patris

111 2691 178 2748 Nec
191 2691 264 2761 volo,
279 2708 333 2746 nec
346 2707 477 2764 possum:
498 2708 630 2746 ranarum
644 2690 752 2746 viscera
765 2708 911 2764 nunquam

107 2761 237 2846 Inspexi.
278 2767 365 2824 Ferre
378 2767 415 2823 ad
429 2778 556 2842 nuptam,
569 2787 631 2842 quae
642 2769 728 2826 mittit
739 2769 857 2842 adulter,

110 2849 188 2908 Quae
203 2846 327 2916 mandat,
341 2843 446 2902 norunt
465 2846 530 2903 alii:
557 2865 602 2902 me
621 2865 706 2906 nemo
721 2848 850 2906 ministro

110 2925 171 2982 Fur
185 2925 247 2996 erit,
263 2924 424 3058 ἥψω
459 2925 506 2981 ulli
521 2944 616 2982 comes
629 2945 709 2997 exeo,
724 2937 858 3001 tanquam

110 3003 244 3074 Mancus,
259 3014 287 3058 et
314 3061 323 3070 ,,
337 3021 349 3057 s
363 2944 456 3057 mdlssu
460 3019 561 3076 corpus
576 3022 632 3060 non
646 3004 715 3060 utile
729 3004 843 3060 dextrae.

109 3081 188 3142 Quis
202 3099 280 3138 nunc
294 3079 430 3153 diligitur,
445 3080 500 3136 nisi
513 3081 656 3150 conscius,
670 3091 699 3136 et
712 3081 760 3136 cui
774 3081 885 3136 fervens

111 3159 226 3217 AEstuat
240 3159 359 3215 occultis
374 3157 495 3226 animus,
510 3175 675 3229 semperque
689 3156 840 3211 tacendisl

109 3237 161 3295 Nil
176 3238 227 3294 tibi
241 3256 271 3294 se
286 3236 389 3292 debere
403 3243 491 3307 putat,
506 3233 545 3289 nil
557 3233 683 3290 conferet
697 3249 832 3308 unquam,

77 3316 284 3391 .·Participem
298 3315 346 3388 qui
361 3323 389 3370 te
404 3311 504 3369 secreti
520 3310 587 3369 lecit
601 3313 720 3371 honesti.

112 3394 206 3452 Carus
221 3393 275 3450 erit
288 3392 381 3463 Verri,
395 3391 443 3466 qui
457 3391 575 3449 Verrem
588 3401 723 3469 tempore,
737 3411 793 3467 quo
806 3392 875 3466 vult,

110 3474 261 3530 Accusare
274 3481 374 3546 potest.
416 3469 504 3527 Tanti
518 3469 570 3526 tibi
581 3489 638 3528 non
653 3473 688 3528 sit
698 3471 780 3546 opaci

108 3553 214 3610 Omnis
228 3567 315 3608 arena
328 3549 413 3624 Tagi,
427 3549 557 3623 quodque
571 3550 600 3606 in
616 3568 693 3624 mare
706 3549 824 3607 volvitur
835 3567 945 3620 aurum,

109 3630 150 3688 Ut
163 3648 264 3686 somno
277 3645 385 3696 careas,
398 3627 585 3702 ponendaque
598 3627 715 3701 praemia
728 3643 823 3680 sumas

109 3707 226 3778 Tristis,
240 3716 269 3763 et
283 3724 300 3762 a
313 3721 416 3778 magno
430 3723 540 3778 semper
554 3703 681 3761 timearis
695 3702 795 3760 amico.
805 3669 899 3840 -Z

149 3785 226 3850 Quae
239 3801 318 3842 nunc
329 3781 463 3839 divitibus
478 3800 549 3856 gens
563 3780 761 3858 acceptissima
774 3799 827 3840 nos
879 3826 888 3853 ,

1109 1026 1117 1060 t
