2494 4274
470 276 594 326 satum
613 277 687 327 Vlll.

440 495 599 554 SATIRA
622 497 707 558 VIII.

117 621 296 712 *Srsnmm
309 652 377 726 quid
392 652 511 723 faciunt,
525 653 593 727 quid
608 655 732 729 prodest,
747 656 875 728 Pontice,
890 658 977 734 longo

121 723 296 741 unua-uu·—

80 731 139 788 San
164 749 231 786 mne
245 731 367 808 censeri,
381 731 528 806 pictosque
538 733 689 790 ostendere
704 735 796 792 vultus

79 750 236 884 maffia,
250 802 400 866 et‘stanres
415 810 444 866 in
459 810 589 868 curribus
603 809 784 886 AEmilianos,

82 889 121 944 Et
135 887 240 944 Curios
250 887 308 962 jam
323 888 471 959 dimidios·
481 889 669 964 humerosque
681 891 819 950 minorem

79 966 249 1037 Corvinum,
263 977 292 1023 et
305 966 426 1022 Galbam
440 967 574 1024 auriculis
588 985 713 1043 nasoque
726 973 892 1030 amentem?

78 1045 157 1106 Quis
172 1044 282 1101 fructus
295 1045 409 1120 generis
423 1045 521 1104 tubuli
532 1045 641 1120 jactare
654 1049 753 1123 capaci

67 1120 248 1198 (Corvinum,
262 1123 380 1198 posthac
393 1124 483 1180 mults
496 1124 662 1201 contingere
676 1127 755 1203 virgi

80 1201 222 1258 Fumosos
235 1202 361 1276 equitum
376 1221 442 1260 cum
458 1203 596 1260 dictatore
609 1222 655 1261 rna
676 1206 767 1279 istros,

80 1281 113 1336 Si
128 1299 228 1337 coram
242 1279 358 1355 Lepidis
372 1277 447 1338 ruald
462 1280 585 1340 viriturl
625 1282 651 1340 E
703 1285 743 1342 'es
755 1282 812 1362 qud

80 1357 141 1415 Tot
154 1358 331 1430 bellatorum,
346 1360 371 1416 si
385 1359 491 1417 luditur
505 1361 569 1418 alea
581 1380 690 1436 pernox

80 1439 160 1494 Ante
176 1435 205 1492 N
207 1438 389 1494 umantinosl
411 1437 435 1494 si
449 1437 573 1495 dormire
587 1439 690 1515 incipis
703 1451 767 1498 ortu

80 1515 219 1587 Luciferi,
234 1534 290 1590 quo
303 1515 387 1591 signa
400 1516 490 1574 duces
503 1526 533 1574 et
547 1528 642 1574 castra
656 1519 825 1576 movebantl

80 1595 141 1651 Cur
156 1594 349 1670 Allobrogicis
362 1605 391 1652 et
410 1595 516 1670 magni
529 1596 653 1672 gaudeat
666 1597 716 1654 ard

81 1672 176 1732 Natus
190 1673 221 1731 in
235 1673 381 1732 Herculeo
394 1673 502 1730 Fabius
514 1674 583 1746 lare,
598 1675 622 1732 si
637 1675 769 1752 cupidus,
783 1677 807 1734 si
883 1690 885 1696 ’

81 1753 193 1824 Vanus,
208 1761 238 1808 et
250 1751 390 1828 Euganei
403 1753 584 1826 quantumvis
597 1754 707 1812 mollior
721 1756 812 1831 again

82 1831 260 1890 sirenosum
276 1831 386 1888 attritus
399 1831 548 1890 Catinensi
562 1833 677 1908 pumice
691 1833 820 1892 lumbum

83 1910 254 1985 squalentes
267 1907 391 1966 traducit
404 1929 480 1982 avos,
491 1922 655 1986 emptorque
669 1913 771 1970 veneni

82 1987 256 2064 Frangendri
269 1988 401 2044 miseram
416 1989 539 2046 funestat
552 1990 675 2064 imagine
689 1992 825 2064 genteml

82 2066 159 2124 Tota
173 2065 243 2124 licet
256 2076 365 2124 veteres
379 2080 517 2124 exornent
531 2067 656 2142 undique
670 2085 743 2125 cere

82 2146 176 2216 Atria,
191 2144 323 2202 nobilitas
337 2145 397 2203 sola
409 2157 453 2202 ast
467 2155 550 2220 atque
564 2147 650 2204 unica
664 2147 760 2204 virtus.

83 2223 202 2296 Paulus,
216 2224 259 2281 vel
274 2223 391 2295 Cossus,
405 2225 449 2282 vel
464 2225 586 2296 Drusus,
600 2225 726 2283 moribus
739 2236 819 2284 esto:

83 2303 146 2360 llos
161 2315 227 2360 ante
242 2301 350 2378 effigies
364 2303 501 2378 majorum
515 2323 588 2379 pone
602 2315 731 2361 tuorum:

83 2380 254 2439 Praecedant
267 2381 342 2456 ipsas
356 2381 406 2453 illi,
420 2392 448 2438 te
462 2381 599 2452 Consule,
614 2383 714 2456 virgas.

83 2460 180 2517 Prima
194 2460 264 2516 mihi
278 2460 365 2516 debes
378 2460 466 2517 animi
481 2459 563 2516 bona.
606 2461 729 2516 Sanctus
743 2460 852 2531 haberi,

83 2539 99 2596 J
103 2539 263 2612 ustitiaeque
276 2548 362 2596 tenax
375 2539 456 2596 sactis
469 2538 609 2612 dictisque
624 2537 762 2594 mererisl

84 2619 222 2693 Agnosco
234 2633 390 2692 procerem.
432 2616 526 2688 Salve,
539 2616 690 2687 Gaetulioe,
704 2633 755 2673 seu
769 2626 800 2673 tu

85 2697 211 2767 Silanus,
225 2713 394 2770 quocunque
408 2695 512 2754 alinde
527 2695 682 2772 sanguine!
704 2713 784 2754 rarus

84 2775 163 2833 Civis
176 2784 206 2831 et
220 2773 352 2850 egregius
364 2774 462 2850 putriae
477 2775 623 2851 contingis
635 2776 740 2833 ovanti.

85 2853 255 2911 Exclamare
269 2852 347 2925 libet,
360 2853 481 2928 populus
494 2855 569 2928 quod
583 2854 697 2926 clamat,
711 2853 789 2912 Osiri

26 2958 28 2966 ι
85 2925 214 2990 Invento.
255 2929 331 2991 Quis
344 2931 421 2988 enim
435 2951 604 3006 generosum
617 2933 719 2990 dixerit
734 2934 821 3003 hunc,
834 2933 883 3006 qui

85 3011 228 3087 Indignus
254 3028 369 3086 genere,
384 3021 413 3067 et
426 3011 562 3085 praeclaro
575 3011 690 3066 nornine
703 3006 816 3066 tantum

85 3089 232 3164 Insignisl
266 3087 385 3146 Nanum
400 3087 549 3161 cujusdam
564 3087 683 3142 Atlanta
696 3102 847 3152 vocamus;

73 3168 251 3249 pffithiopem
265 3183 407 3240 cycnnm3
426 3181 541 3238 pravam
554 3173 749 3237 extortamque
761 3160 885 3236 puellam

69 3246 72 3252 ’
86 3247 240 3322 Europen:
261 3243 382 3302 canibus
396 3241 493 3318 pigris,
508 3241 659 3318 scabieque
673 3241 784 3300 vetusti

86 3326 221 3397 Levibus,
235 3334 265 3381 et
277 3324 363 3380 siccae
378 3321 568 3380 lambentibus
581 3340 632 3381 ora
644 3321 781 3394 lucerne,

86 3403 203 3462 Nomen
216 3403 270 3460 erit
282 3402 397 3478 pardus,
410 3400 501 3478 tigris,
516 3400 571 3474 leo,
583 3401 607 3460 si
621 3402 690 3476 quid
703 3401 799 3460 adbuc
812 3410 865 3474 est,

85 3484 175 3545 Quod
187 3481 288 3539 fremat
301 3480 330 3541 iu
344 3481 426 3540 terris
440 3479 598 3540 violentius.
639 3479 718 3556 Ergd
732 3480 856 3552 cavebis,

6 3627 7 3630 Ἴ
87 3561 126 3620 Et
139 3570 262 3632 metues,
277 3578 315 3616 ne
328 3568 359 3615 tu
372 3559 411 3616 sis
424 3558 557 3618 Creticus
571 3571 620 3617 aut
633 3557 813 3615 Camerinus.

127 3640 184 3698 His
196 3657 252 3716 ego
265 3653 349 3712 quem
364 3638 483 3695 monuit
503 3650 599 3696 tecum
613 3645 657 3692 est
669 3633 739 3691 mibi
753 3650 855 3704 sermo,
870 3631 988 3692 Rubelli

88 3719 204 3778 Blande
247 3715 359 3774 Tumes
372 3714 428 3772 alto
441 3711 599 3772 Drusorum
612 3721 769 3786 stemmate,
784 3723 919 3788 tanquan
1035 3716 1075 3776 4⁰

89 3797 207 3858 Feceris
219 3797 280 3874 ipse
293 3793 409 3870 aliquid,
422 3791 623 3871 propterquod
635 3791 742 3852 nobilis
752 3811 841 3866 esses,
921 3820 925 3829 ·

217 4010 219 4018 ,
319 4022 322 4029 ,
343 4014 349 4039 4
525 4017 528 4029 ,
577 4015 582 4029 ,

228 4037 371 4144 tilitas&
396 4060 413 4130 i?
425 4071 480 4116 iso
494 4062 630 4172 ..ΛΜΨ

355 4171 356 4176 ,
481 4167 489 4182 ,,
532 4149 540 4177 r

234 4178 322 4240 issu
352 4207 416 4239 'mr
453 4195 485 4239 a]
519 4143 717 4240 [lrl'ttrdv
