2494 4274
482 305 607 354 sarim
625 305 698 356 xrv.
1044 311 1084 371 ⁷5

90 447 233 520 Perfidus,
247 458 277 506 et
291 447 366 525 nigri
380 447 502 526 patietur
516 448 639 507 oaroeris
653 467 772 522 uncum,
1022 449 1084 510 245

91 529 152 586 Aut
166 527 253 584 maris
267 525 360 604 AEgaei
375 545 485 603 rupem,
500 526 688 604 scopulosque
702 528 866 604 frequentes

90 605 247 662 Exsulibus
260 605 380 682 magnis.
422 604 513 663 Poent
524 605 662 680 gaudebis
677 607 774 664 amard

90 684 226 742 Nominis
240 683 331 756 invisi,
345 684 518 759 tandemque
532 683 655 742 fatebere
669 684 760 758 laetus,

90 761 157 820 Nee
171 763 290 821 surdum
303 781 359 820 neo
373 762 517 821 Tiresiam
531 780 693 838 quenquam
707 781 770 824 esse
784 765 911 826 deorum.

457 1077 617 1138 SATIRA
630 1079 714 1140 xlv.

131 1234 273 1293 Pnnarrm
286 1244 362 1307 sunt,
378 1233 513 1310 Fuscine,
528 1247 557 1296 et
572 1237 647 1295 famd
661 1237 749 1314 digna
762 1237 889 1312 sinistrd,

9 1371 10 1376 ,
92 1311 130 1371 Et
144 1312 244 1371 nitidis
258 1313 399 1371 maculam
413 1315 552 1390 haesuram
567 1315 683 1392 figentia
697 1316 791 1390 rebus,

91 1392 169 1452 Quae
183 1402 340 1450 monstrant
354 1392 407 1467 ipsi
417 1394 512 1468 pueris
525 1394 695 1469 traduntque
708 1406 849 1470 parentes.

93 1471 125 1527 Si
140 1471 279 1528 damnosa
293 1489 392 1528 senem
403 1469 482 1546 juvat
496 1471 567 1542 alea,
581 1471 654 1528 ludit
672 1483 701 1529 et
714 1472 806 1530 haeres

91 1548 232 1620 Bullatus,
246 1567 387 1624 parvoque
401 1549 501 1606 eadem
516 1560 609 1606 movet
622 1568 700 1606 arma
714 1549 817 1607 fritillo.

92 1627 157 1685 Neo
171 1627 273 1684 melius
286 1628 322 1684 de
337 1645 367 1684 se
381 1627 514 1702 cuiquam
527 1646 639 1703 sperare
653 1628 811 1704 propinquo

92 1706 242 1764 Couoedet
253 1704 375 1780 juvenis,
389 1706 437 1781 qui
450 1706 549 1763 radere
562 1707 662 1765 tubera
676 1718 768 1782 terrae,

92 1784 225 1842 Boletum
239 1783 367 1856 condire,
381 1794 410 1841 et
423 1784 525 1842 eodem
537 1785 600 1860 jure
614 1796 745 1844 natantes

92 1862 226 1939 Mergere
241 1862 378 1920 ficedulas
388 1862 498 1935 didicit,
512 1864 654 1922 nebulone
668 1875 796 1941 parente,

92 1940 130 1999 Et
143 1941 220 1998 aaut
230 1951 405 1999 monstrante
418 1941 494 2016 gule.
535 1942 636 2002 Quum
651 1944 788 2018 septimus
801 1961 895 2002 annus

92 2013 255 2078 Transierit
268 2037 367 2095 puero,
381 2020 508 2076 nondum
522 2021 601 2076 omni
616 2021 702 2078 dente
716 2030 825 2093 renato,

92 2098 233 2156 Barbatos
246 2096 315 2155 lieet
328 2098 479 2154 admoveas
493 2098 569 2155 mille
584 2099 651 2156 inde
666 2099 825 2176 magistros,

92 2176 174 2235 Hine
188 2175 316 2249 totidem,
330 2175 426 2252 oupiet
440 2176 516 2234 lauto
529 2195 643 2235 ooenare
657 2189 756 2254 paratu

94 2255 225 2332 Semper,
239 2264 268 2312 et
281 2273 299 2312 a
311 2255 416 2330 magud
431 2272 489 2312 non
503 2256 676 2332 degenerare
690 2257 796 2316 culini.

93 2332 197 2391 Mitem
211 2334 338 2392 animum
352 2344 381 2392 et
394 2335 486 2391 mores
501 2335 619 2393 modicis
633 2337 774 2394 erroribus
788 2353 882 2411 arquos

92 2411 236 2487 Praeoipit‚
251 2422 334 2486 atque
347 2413 457 2471 animas
471 2430 614 2470 servorum
628 2425 657 2471 et
669 2431 787 2490 corpora
800 2411 898 2472 nostrd

93 2490 218 2548 Materia
231 2501 360 2548 constare
374 2499 456 2567 putat
464 2489 636 2567 paribusque
650 2491 817 2560 elementis;

93 2570 143 2625 An
158 2568 257 2626 saevire
271 2568 355 2626 dooet
368 2568 495 2642 Rutilus,
509 2568 558 2644 qui
572 2569 679 2646 gaudet
692 2569 795 2627 aoerbo

94 2648 249 2723 Plagarum
264 2648 392 2724 strepitu,
406 2656 436 2705 et
449 2647 557 2706 nullam
572 2647 676 2706 Sirena
689 2645 808 2724 flagellis

94 2727 257 2800 comparat,
272 2726 441 2801 Antiphates
454 2726 556 2802 trepidi
568 2726 645 2800 laria,
661 2745 695 2784 ao
712 2725 912 2804 Polyphemus,

93 2803 174 2861 Turn
188 2804 265 2876 felix,
279 2804 388 2879 quoties
402 2804 501 2880 aliquis
514 2816 617 2865 tortore
630 2816 729 2865 vocato

95 2883 192 2940 Uritur
207 2882 317 2940 ardenti
331 2882 388 2940 duo
400 2894 513 2960 propter
526 2884 613 2944 lintea
627 2885 719 2944 ferrol

93 2961 178 3023 Quid
192 2961 293 3019 suadet
303 2960 401 3036 juveni
412 2963 493 3020 laetus
506 2965 625 3020 stridore
640 2973 759 3034 catenae,

93 3039 195 3100 Quem
208 3037 280 3097 mire
295 3039 423 3098 affioiunt
437 3040 573 3113 inscripta
586 3041 738 3114 ergastula,
749 3056 847 3096 oaroer

94 3117 256 3176 Rusticusl
296 3115 462 3191 Exspectas,
477 3126 507 3172 ut
521 3135 578 3173 non
592 3117 629 3171 sit
639 3113 767 3171 adultera
780 3113 883 3192 Largo

97 3195 184 3268 Filia,
199 3213 262 3270 quae
276 3211 422 3268 nunquam
436 3201 579 3250 maternos
592 3193 688 3249 dicere
702 3192 828 3250 moeohos

96 3273 173 3332 'I'am
188 3271 256 3345 aito,
271 3290 326 3331 neo
340 3281 419 3329 tanto
430 3269 534 3348 poterit
547 3282 702 3330 conterere
716 3288 813 3347 eursu,

96 3353 137 3411 Ut
150 3372 208 3411 non
221 3363 264 3410 ter
278 3351 375 3410 decies
388 3350 531 3428 respiretl
571 3350 697 3410 Consoia
710 3351 794 3410 matri

96 3431 188 3508 Virgo
202 3431 270 3489 suit:
290 3449 371 3490 teras
385 3449 464 3490 nuno
478 3429 533 3488 hro
546 3431 673 3490 dictante
685 3430 802 3508 pusillas

97 3509 212 3586 Implet,
226 3509 301 3567 etad
315 3511 441 3569 moeehos
455 3511 504 3568 dat
516 3510 624 3569 eisdem
638 3510 711 3567 ferre
724 3509 852 3568 oinaedis.

99 3589 150 3646 Sic
163 3599 265 3646 natura
275 3587 373 3662 jubet:
388 3586 513 3646 veloeids
527 3599 556 3646 et
568 3587 654 3645 oitiirs
667 3596 720 3643 no's

99 3665 295 3740 Corrumpunt
308 3663 439 3720 vitiorum
452 3667 581 3741 exempla
594 3663 759 3735 domestica,
773 3662 886 3739 magnis

98 3745 201 3807 Quum
215 3744 338 3801 subeunt
351 3741 460 3798 animos
471 3741 641 3799 auctoribus.
681 3740 764 3800 Unus
774 3751 804 3800 et
816 3741 887 3802 alter

99 3822 234 3882 Forsitan
248 3822 310 3880 lraeo
323 3829 458 3898 spernant
467 3819 597 3896 juvenes,
611 3819 713 3895 quibus
726 3833 786 3881 arte
799 3820 927 3902 benignd
