2494 4274
471 275 594 324 sanna
612 275 646 324 x.
1018 281 1098 373 ⁶⁷f

70 419 172 478 Quum
187 417 299 476 Gaetula
313 417 415 474 ducem
430 427 553 492 portaret
567 417 660 475 bellua
673 418 801 476 luseum!

72 497 174 554 Exitus
188 493 258 572 ergd
273 496 335 570 quis
346 497 409 552 estl
430 495 459 551 Ο
472 496 575 571 gloria!
598 497 720 554 vincitur
734 498 810 555 idem

71 576 195 651 Nempe,
209 587 239 632 et
253 575 282 631 in
297 574 425 630 exsilium
441 593 567 648 praeoeps
582 575 662 650 fugit,
677 583 760 650 atque
775 575 815 634 ibi
829 591 950 653 magnus
1001 578 1057 636 16⁰

71 653 278 728 Mirandusque
292 653 382 710 cliens
397 652 475 709 sedet
489 653 524 708 ad
537 653 665 726 praetoria
679 655 763 729 regis,

71 732 174 789 Donec
188 733 311 806 Bithyno
325 730 411 787 libeat
425 731 541 805 vigilare
556 743 684 805 tyranno.

70 810 174 867 Finem
190 811 303 880 animae,
317 827 379 883 quae
394 829 438 866 res
453 811 591 866 humanas
605 809 718 882 miscuit
731 809 809 882 olim,
842 813 849 837 '
938 835 943 842 ·
970 838 1000 864 ιν
1013 802 1026 850 r‘
1077 823 1081 836 ¹

70 887 141 945 Non
154 889 252 964 gladii,
266 907 323 945 non
338 907 404 945 saxa
418 888 536 958 dabunt,
552 907 605 945 nec
620 891 676 946 tela
684 907 692 956 ;
713 889 764 946 sed
778 889 825 946 ille

70 967 238 1024 Cannarum
253 967 366 1037 vindex,
383 983 416 1022 ac
430 966 500 1022 tanti
515 967 662 1042 sanguinis
677 967 760 1038 ultor,
1000 967 1056 1026 165

68 1045 215 1102 Annulus.
258 1044 281 1115 l,
297 1045 424 1114 demens,
439 1056 468 1100 et
482 1063 569 1102 saevas
583 1063 665 1102 curre
679 1065 728 1122 per
742 1045 842 1122 Alpes,

68 1123 108 1180 Ut
123 1125 219 1199 pueris
233 1123 355 1198 placeas,
370 1132 399 1179 et
413 1123 582 1181 declamatio
595 1124 661 1180 fias!

69 1202 153 1259 Unus
167 1200 272 1259 Pellaeo
282 1201 380 1276 juveni
395 1219 453 1257 non
467 1202 570 1259 sufficit
583 1203 678 1259 orbis:

69 1275 188 1337 AEstuat
202 1280 301 1336 infelix
315 1290 435 1355 angusto
449 1280 537 1336 limite
552 1281 661 1352 mundi,

67 1358 109 1416 Ut
123 1360 225 1433 Gyarae
239 1358 353 1414 clausus
367 1357 499 1432 scopulis,
513 1359 654 1434 parvaque
670 1357 798 1434 Seripho.

67 1437 173 1498 Quum
188 1449 282 1494 tamen
298 1457 314 1492 a
328 1436 421 1511 ligulis
435 1436 573 1492 munitam
588 1436 732 1493 intraverit
751 1437 860 1509 urbem,

70 1515 254 1590 Sarcophago
267 1525 418 1572 contentus
432 1515 493 1570 erit.
536 1514 614 1572 Mors
628 1515 686 1571 sola
700 1514 810 1585 fatetur,

67 1593 222 1654 Quantula
235 1593 292 1650 sint
306 1593 453 1650 hominum
466 1586 817 1686 corpusculaffireditur
830 1591 898 1650 olim

68 1671 239 1728 Velificatus
254 1673 356 1742 Athos,
371 1683 399 1728 et
413 1671 548 1747 quidquid
563 1673 675 1729 Graecra
690 1671 813 1728 mendax

69 1750 170 1806 Audet
183 1751 213 1806 in
227 1749 361 1806 historid:
382 1762 555 1807 constratum
569 1751 707 1807 classibus
719 1749 822 1820 isdem,

31 1871 33 1874 -
69 1827 314 1903 suppositumque
327 1827 395 1885 rotis
409 1828 528 1885 solidum
543 1847 640 1886 mare:
662 1829 804 1886 credimus
818 1827 889 1886 altos

68 1905 222 1963 Defeoisse
237 1925 345 1975 amnes,
359 1917 497 1981 epotaque
512 1905 630 1964 flumina
644 1906 732 1964 Mede

68 1984 246 2057 Prandente,
262 1994 290 2041 et
304 1985 425 2040 madidis
439 1995 536 2041 cantat
553 2003 616 2059 quae
631 1985 775 2041 Sostratus
788 1983 849 2042 alls.

69 2061 126 2127 Ille
140 2074 237 2120 tamen
251 2062 343 2137 qualis
360 2061 443 2118 rediit
458 2062 601 2119 Salamine
612 2063 721 2135 relicta,

68 2139 107 2198 ln
122 2141 229 2198 Corum
243 2153 326 2214 atque
337 2140 446 2196 Eurum
461 2141 559 2198 solitus
572 2143 669 2198 saevire
683 2141 801 2218 flagellis

70 2219 226 2290 Barbarus,
241 2219 335 2276 AEolio
350 2237 495 2293 nunquam
511 2221 564 2277 lroc
579 2220 608 2276 in
623 2239 736 2278 carcere
751 2237 858 2296 passos,

68 2297 172 2373 Ipsum
185 2297 371 2372 compedibus
384 2299 432 2371 qui
446 2299 572 2356 vinxerat
586 2298 812 2375 Ennosigaeuml

68 2375 173 2433 Mitius
187 2374 216 2432 id
230 2373 310 2447 sane,
324 2373 400 2449 qubd
415 2394 472 2433 non
486 2385 520 2434 et·
528 2377 659 2451 stigmate
674 2379 791 2452 dignum
962 2449 964 2452 Ι

69 2454 210 2511 Credidit.
252 2453 330 2510 Huic
344 2454 491 2529 quisquam
506 2449 590 2510 vellet
603 2455 707 2511 servire
721 2455 860 2510 deerunti
1016 2455 1024 2472 ‘

71 2533 131 2589 Sed
145 2532 235 2607 qualis
248 2533 351 2589 rediitl
371 2551 474 2607 nempe
488 2533 547 2589 una
560 2550 642 2601 nave,
657 2532 782 2588 cruentis

69 2607 233 2680 Fluctibus,
247 2629 282 2667 ac
295 2610 375 2667 tardat
389 2630 438 2686 per
453 2612 543 2669 densa
556 2610 694 2668 cadavera
707 2609 799 2685 prora.

71 2688 136 2746 Has
150 2689 233 2747 toties
246 2699 342 2764 optata
354 2691 450 2764 exegit
463 2690 552 2765 gloria
565 2707 672 2766 poenas.

110 2766 159 2825 Da
172 2767 292 2842 spatium
306 2767 379 2838 vitae,
394 2769 496 2825 multos
510 2769 556 2840 da,
570 2769 690 2845 Jupiter,
705 2768 811 2826 annosl

71 2845 139 2902 Hoc
153 2857 231 2904 recto
246 2846 322 2902 vultu
337 2847 439 2918 solum,
455 2847 508 2903 hoc
522 2859 550 2904 et
564 2848 685 2923 pallidus
699 2859 787 2923 optas.

72 2925 132 2982 Sed
146 2921 232 2998 quam
246 2923 388 2980 continuis
402 2936 431 2980 et
444 2927 555 2998 quantis
568 2927 653 3001 longa
667 2937 800 2984 senectus

71 3003 164 3059 Plena
174 3003 274 3059 malisl
295 3001 458 3059 Deformem
473 3013 502 3058 et
515 3015 617 3059 tetrum
632 3015 697 3058 ante
711 3004 809 3060 omnia
858 2999 939 3074 ltrrnr,

72 3079 304 3154 Dissimilemque
319 3080 372 3149 sui,
387 3080 542 3136 deformem
556 3097 607 3153 pro
620 3091 686 3136 cute
700 3019 904 3153 pellrruffida

72 3159 291 3233 Pendentesque
305 3175 404 3231 genas,
417 3167 446 3212 et
459 3156 529 3211 tales
544 3157 659 3230 adspice
672 3173 768 3230 rugas,

71 3236 194 3308 Quales,
210 3235 376 3293 umbriferos
390 3234 438 3290 ubi
452 3234 551 3309 pandit
566 3233 698 3292 Tabraca
712 3233 808 3308 saltus,

74 3313 111 3371 In
125 3315 218 3372 vetula
232 3314 332 3389 scalpit
342 3314 401 3390 jam
415 3323 504 3370 mater
517 3313 600 3371 simia
614 3314 714 3372 bucael.

73 3393 200 3450 Plurima
214 3403 280 3450 sunt
291 3393 426 3468 juvenum
440 3392 622 3452 discrimina:
642 3395 786 3474 pulchrior
801 3394 847 3454 ille

74 3471 151 3543 Hoc,
165 3484 249 3546 atque
263 3471 309 3528 ille
323 3472 393 3541 alio;
414 3469 534 3530 multllm
550 3474 596 3530 hic
610 3475 748 3532 robustior
761 3475 819 3532 illo.

76 3548 141 3606 Una
154 3569 255 3608 senum
270 3550 366 3620 facies,
380 3570 445 3608 oum
459 3570 528 3608 voce
542 3553 692 3609 trementia
705 3553 833 3609 membra

76 3627 114 3686 Et
124 3628 183 3704 jam
197 3630 260 3686 leve
274 3637 367 3701 caput,
381 3629 543 3702 madidique
558 3629 677 3684 infantia
691 3628 761 3684 nasi.

76 3706 267 3785 Frangendus
281 3704 384 3762 misero
397 3705 514 3780 gingiva
528 3705 610 3779 panis
624 3705 748 3762 inermi:
997 3705 1057 3766 20⁰

76 3781 172 3864 Usque
186 3781 259 3844 adab
273 3782 365 3861 graue
379 3783 467 3854 uxori,
481 3783 619 3857 natisque,
634 3784 752 3861 sibique,
