2502 4284
146 189 187 252 θῇ
485 190 517 239 Α.
535 189 647 240 Psssn
664 189 787 240 sulem

187 329 347 388 Scribimus
360 329 474 403 inclusi,
488 349 621 390 numeros
635 331 692 404 illo,
707 331 755 390 hic
769 331 841 408 pede
854 329 937 404 liber,

147 408 262 466 Grande
277 407 392 483 aliquid,
406 409 481 484 quod
494 409 590 485 pulmo
604 409 706 468 animm
719 410 874 487 prmlcrgus
887 409 1010 470 cohelet·

148 486 267 545 Scilicet
279 487 342 544 hec
354 486 467 563 populo,
480 506 624 564 pexusque
638 488 760 564 rogique
773 491 892 563 recenti,
1093 489 1135 548 15

148 564 186 622 Et
199 565 328 624 netolitii
341 565 456 624 laudem
471 584 538 624 cum
550 567 736 640 sardonyche,
751 566 833 624 albus

148 641 224 700 Sede
238 643 316 720 leges
330 641 416 716 celsi,
430 643 537 718 liquido
548 663 634 719 quum
648 643 788 721 plasmate
800 659 897 726 girttur

148 717 256 780 Mobile
270 721 411 794 collueris,
422 721 544 798 patranti
557 722 662 778 fractus
674 721 774 780 ocello.

148 798 208 856 Hic
222 818 314 874 oeque
327 817 404 858 more
417 800 506 876 probo
518 800 614 857 videos
626 817 719 874 neque
732 818 801 858 voce
814 799 913 858 serens

148 875 285 952 Ingentes
297 877 437 955 trepidare
452 877 545 948 Titos,
559 893 647 951 quum
661 877 788 934 carmina
800 878 930 936 lumbum
1088 878 1136 938 2⁰

148 953 269 1026 Introiit,
282 967 312 1013 et
324 954 444 1012 tremulo
458 955 621 1030 scalpuntur
634 955 683 1012 ubi
697 955 798 1013 intima
811 975 901 1014 versu.

148 1029 237 1104 Tun’,
251 1032 353 1104 vetule,
368 1032 503 1091 auriculis
513 1032 614 1090 olienis
624 1033 734 1109 colligis
747 1035 846 1090 escssl

147 1109 304 1182 Auriculis,
317 1111 421 1185 quibus
433 1120 463 1167 et
476 1110 556 1168 dices
570 1122 635 1168 cute
649 1111 784 1188 perditus,
797 1112 872 1170 ohel

148 1189 233 1250 ‘Quo
246 1189 389 1262 didicisse,
404 1188 459 1246 nisi
473 1189 527 1248 hoc
542 1191 711 1248 fermentum
724 1200 754 1246 et
765 1207 828 1264 qum
842 1189 928 1248 semel
943 1189 1019 1248 intus

147 1264 313 1341 locatorem,
328 1279 409 1344 rupto
419 1267 515 1342 jecore
529 1267 630 1325 exierit
643 1267 822 1343 caprificusl'
1088 1269 1135 1326 25

147 1343 194 1402 En
207 1345 294 1421 pellor
308 1345 493 1422 seniumque!
515 1344 543 1402 0
558 1346 665 1404 mores!
688 1363 776 1420 usque
790 1343 901 1404 odedne

148 1423 230 1482 Scire
243 1435 325 1482 tuum
338 1424 408 1483 nihil
423 1435 476 1498 est,
490 1423 545 1482 nisi
559 1435 587 1482 te
601 1424 674 1482 scire
688 1423 743 1481 hoc
756 1423 828 1482 sciot
838 1423 930 1482 olterl

148 1502 207 1560 ‘At
220 1502 372 1579 pulchrum
385 1513 428 1561 est
441 1501 530 1579 digito
543 1501 700 1572 monstrari,
715 1512 744 1558 et
756 1501 855 1575 dicier,
870 1501 928 1560 Hic
940 1501 1002 1560 esti

147 1579 223 1638 Ten'
238 1581 404 1639 cirratorum
418 1592 534 1638 centurn
548 1581 654 1638 dictato
668 1580 754 1638 fuisse

146 1655 203 1714 Pro
216 1659 305 1716 nihilo
318 1658 427 1735 pendas
437 1659 457 1714 l’
499 1657 577 1714 Ecce
591 1658 665 1715 inter
678 1659 781 1734 poculo
794 1667 924 1733 querunt
1088 1658 1133 1717 30

146 1733 310 1792 Romulidae
324 1735 421 1806 saturi,
436 1734 504 1809 quid
518 1735 565 1793 dia
578 1739 711 1810 podmcta
724 1748 848 1794 narrent.

147 1811 207 1869 Hic
222 1813 331 1888 aliquis,
345 1813 393 1870 cui
407 1813 516 1870 circum
530 1814 663 1871 humeros
676 1814 862 1889 hyacinthino
874 1814 948 1873 laenu
961 1824 1014 1887 cst,

145 1889 345 1949 Rancidulum
357 1892 493 1966 quiddam
507 1891 590 1949 balbo
604 1893 639 1948 de
654 1911 722 1950 nere
735 1893 857 1964 loculus,

145 1967 300 2044 Phyllidos,
314 1969 497 2046 Hypsipyles,
511 1981 606 2028 vetum
620 1980 649 2027 et
662 1969 797 2046 plorabile
811 1970 836 2029 si
852 1970 930 2045 quid,

145 2045 270 2121 Eliquat,
284 2058 313 2106 el
326 2059 423 2106 tenero
437 2049 597 2125 supplantet
610 2049 695 2106 verbs
707 2048 808 2123 pelato.

146 2124 305 2184 Assensere
319 2126 388 2183 viri:
410 2144 488 2183 nunc
502 2145 559 2183 non
573 2126 646 2184 cinis
660 2125 707 2182 ille
721 2129 812 2200 poete

146 2202 251 2260 Felixl
271 2221 329 2260 uon
343 2202 428 2262 levior
442 2204 542 2279 cippus
554 2221 634 2260 nunc
647 2203 783 2279 imprimit
796 2205 880 2261 ossei

145 2280 278 2338 Laudant
291 2282 416 2340 convivae
429 2300 435 2339 :
455 2299 536 2338 nunc
549 2301 607 2339 non
621 2301 637 2338 e
652 2281 782 2340 menibus
795 2282 863 2353 illis,

145 2357 236 2416 Nunc
248 2379 307 2418 non
321 2379 337 2418 e
351 2360 461 2419 tumulo
472 2360 670 2435 fortunatique
685 2360 780 2418 savilld

145 2436 308 2496 Nascentur
322 2439 422 2498 violael
463 2438 564 2512 Rides,
579 2440 627 2511 ait,
641 2450 670 2496 et
683 2439 769 2496 nimis
782 2439 866 2496 uncis

145 2514 272 2574 Naribus
285 2517 424 2593 indulges.
466 2520 515 2575 An
529 2519 592 2590 erit,
606 2518 654 2593 qui
668 2517 740 2576 velle
753 2527 866 2575 recuset

145 2594 188 2651 Os
199 2595 294 2671 populi
309 2595 467 2653 meruissel
487 2607 525 2668 et,
540 2597 626 2653 cedro
640 2597 727 2671 digna
736 2595 858 2666 locutus,

145 2671 288 2745 Linquere
302 2691 356 2729 nec
370 2673 513 2729 scombros
526 2673 682 2740 metuentis
695 2673 832 2744 carmine,
845 2690 901 2729 nec
913 2671 999 2729 thusi

144 2748 285 2822 Quisquis
298 2748 382 2818 es‚.0
393 2746 478 2805 modd
492 2767 576 2822 quem
586 2769 623 2806 ex
638 2751 754 2806 adverso
767 2749 862 2807 dicere
876 2750 941 2824 leci,

144 2824 212 2883 Non
226 2843 289 2900 ego,
303 2843 391 2898 quum
404 2825 506 2896 scribo,
521 2825 545 2884 si
559 2823 630 2884 sorte
645 2827 713 2901 quid
726 2827 818 2902 aptius
832 2827 900 2899 exit,

143 2903 347 2982 Quondohaec
360 2923 423 2962 raro
432 2903 492 2962 uvis
505 2914 557 2977 est,
572 2905 596 2962 si
609 2905 676 2981 quid
690 2915 785 2962 tomen
800 2905 893 2981 aptius
906 2904 973 2977 exit,

144 2980 269 3040 Laudari
282 2992 406 3058 metuam
447 3002 539 3059 neque
553 2983 630 3042 enim
643 2982 713 3041 mihi
727 3001 832 3044 cornea
844 2982 916 3040 libra
927 2993 987 3040 est:

145 3061 204 3118 Sed
217 3061 287 3120 recti
302 3061 444 3138 finemque
458 3074 671 3138 extremumque
684 3081 747 3121 essc
760 3080 861 3121 recuso

143 3139 231 3198 Educ
260 3151 341 3197 tuum
352 3151 381 3198 et
403 3160 515 3198 sucos:
536 3160 603 3197 nam
618 3159 712 3198 sumu
727 3141 781 3198 hoc
791 3149 893 3198 excute
906 3148 1013 3196 totum:

143 3217 226 3278 Quid
240 3236 298 3274 rron
312 3217 390 3274 intus
404 3217 511 3272 habetl
533 3237 590 3273 non
602 3217 650 3273 hic
663 3228 707 3274 est
721 3217 789 3272 Ilios
803 3213 879 3272 Acci

144 3293 232 3350 Ebrio
241 3293 370 3348 veratrol
391 3309 448 3348 non
463 3291 487 3346 si
500 3309 556 3362 qua
566 3292 688 3363 elegidia
702 3292 783 3348 crudi

145 3369 297 3428 Dictirunt
310 3368 460 3443 proceresl
481 3385 539 3422 non
552 3365 687 3440 quicquid
701 3367 823 3440 denique
835 3365 919 3424 lectis

145 3447 285 3506 Scribitur
299 3445 329 3504 in
342 3443 458 3502 citreisl
499 3443 632 3502 Calidum
647 3443 704 3500 scis
717 3461 822 3518 ponere
835 3461 954 3502 sumen:

145 3526 210 3584 Scis
223 3523 357 3584 comitem
371 3523 547 3582 horridulum
560 3521 626 3581 tritri
640 3521 746 3580 donare
758 3520 875 3579 lacerno
886 3539 894 3580 ε

144 3602 192 3672 lu,
205 3603 325 3676 Verum,
339 3602 442 3678 inquis,
456 3621 538 3662 amo:
559 3619 656 3659 verum
671 3600 741 3659 mihi
754 3599 842 3662 dicite
856 3601 961 3660 deme.
1084 3603 1126 3662 55

143 3676 207 3740 Qui
220 3681 307 3753 polcl
328 3681 370 3738 vis
383 3681 498 3738 dicoml
519 3681 647 3758 nugaris,
660 3699 747 3757 quum
762 3679 826 3755 tibi,
838 3679 929 3753 calve,
