2494 4274
514 267 638 318 SATlRA
656 267 693 316 Vl

148 409 329 468 conventum
342 419 447 481 tamen,
461 419 490 468 et
503 420 627 486 pactum,
641 420 670 468 et
683 411 834 486 sponsalia,
847 412 944 472 noma

107 487 292 566 Tempestate
306 507 398 564 paras,
409 488 523 563 jamque
537 507 554 544 a
567 500 679 548 tonsore
693 491 828 566 magistro

107 567 246 639 Pectoris,
261 578 290 624 et
303 568 392 642 digito
405 568 510 642 pignus
525 567 641 626 fortasse
654 569 766 626 dedisti.

108 643 195 703 Certe
211 664 299 702 sanus
312 645 393 703 erasi
418 645 550 717 Uxorem,
565 644 709 717 Postume,
723 647 826 706 ducisl

105 723 172 795 Dic,
187 724 245 798 quai
259 723 427 800 Tisiphone,
441 725 544 798 quibus
557 726 702 800 exagittire
716 725 858 784 colubrisl

105 802 194 861 Ferre
208 815 290 879 potes
303 803 448 861 dominam
461 803 544 859 salvis
558 813 599 860 tot
612 804 733 861 restibus
747 805 844 876 ullam,

105 879 208 943 Quum
221 891 337 957 pateant
350 882 414 938 alte
428 881 603 956 caligantesq
683 893 794 955 uestras,

104 958 208 1019 Quum
222 961 272 1017 tibi
287 959 413 1017 vicinum
427 979 457 1017 se
470 961 594 1035 prebeat
647 961 741 1019 milius
754 963 887 1038 ponsl-

106 1039 164 1096 Sed
179 1039 273 1115 placet
287 1038 400 1097 Ursidio
413 1039 459 1096 lex
472 1037 490 1094 J
493 1038 550 1096 ulia
562 1056 569 1098 τ
590 1039 687 1098 tollere
702 1040 816 1098 dulcem

105 1117 220 1193 Cogitat
234 1117 375 1174 haeredom
389 1118 516 1175 carituru
540 1129 649 1176 turture
662 1137 776 1194 magno,

105 1195 316 1271 Mullorumquo
328 1196 414 1272 jubis,
429 1207 458 1253 et
470 1208 614 1272 captatore
628 1197 755 1255 macello.

103 1275 185 1336 Quid
200 1275 262 1332 lieri
275 1293 333 1333 non
346 1293 429 1350 posse
442 1287 535 1350 putes,
549 1276 573 1332 si
584 1275 713 1352 jungitur
726 1276 784 1336 ulla

105 1353 239 1411 Ursidiol
259 1355 283 1410 si
297 1355 472 1411 moechorum
486 1354 649 1410 notissimus
662 1355 728 1412 olim

104 1433 200 1491 Stulta
213 1431 335 1489 maritali
347 1433 407 1507 jam
420 1432 539 1506 porrigit
551 1450 601 1488 ora
614 1433 747 1507 capistro,

102 1511 203 1572 Quem
217 1512 300 1568 toties
315 1510 386 1568 texit
398 1509 516 1584 perituri
531 1509 604 1566 cista
617 1509 736 1567 Latinil

102 1589 205 1650 Quidl
226 1587 302 1664 quod
317 1599 346 1646 et
360 1588 484 1663 antiquis
499 1607 569 1646 uxor
583 1589 619 1645 de
633 1588 758 1646 moribus
771 1587 813 1647 illi

102 1667 260 1728 Quaeritur.
302 1667 331 1724 Ο
344 1667 459 1739 medici,
474 1668 597 1726 mediam
610 1667 773 1742 pertundite
787 1669 905 1728 venaml

103 1746 231 1805 Delicias
245 1747 383 1804 hominis!
425 1745 581 1821 Tarpeium
598 1746 685 1804 limen
699 1747 787 1805 adora

103 1823 226 1897 Pronus,
241 1836 270 1882 et
284 1835 411 1883 auratam
425 1824 443 1880 J
446 1825 533 1883 unoni
547 1825 626 1882 caede
639 1825 801 1901 juvencam,

104 1905 134 1962 Si
148 1905 202 1960 tibi
216 1904 368 1979 eontigerit
381 1903 483 1979 capitis
496 1913 625 1961 matrona
637 1905 743 1979 pudici.

16 2033 22 2044 .
102 1982 208 2040 Paucae
222 1978 293 2039 aded
308 1982 422 2039 Cereris
436 1983 518 2040 vittas
531 1982 698 2057 contingere
711 1983 816 2057 dignae,

101 2059 237 2122 Quarum
250 2080 307 2118 non
321 2061 420 2117 timeat
432 2071 513 2135 pater
526 2062 633 2118 oscula.
674 2060 767 2119 Necte
781 2079 917 2120 coronam

102 2139 245 2210 Postibus,
259 2149 288 2197 et
301 2141 405 2196 densos
417 2158 467 2214 per
481 2139 580 2196 limina
593 2141 678 2198 tende
692 2139 849 2214 corymbos.

102 2217 184 2275 Unus
198 2217 321 2275 Iberinae
335 2218 376 2274 vir
391 2217 515 2275 sullicitl
555 2217 647 2276 Ocius
661 2219 732 2275 illud

101 2295 301 2372 Extorquebis,
316 2305 347 2351 ut
360 2297 422 2352 haec
435 2296 518 2354 oculo
531 2309 667 2355 contenta
680 2297 716 2354 sit
729 2315 794 2355 uno.

141 2375 253 2450 Magna
266 2385 361 2432 tamen
376 2375 451 2432 lama
466 2385 510 2432 est
523 2376 674 2448 cujusdam
688 2393 754 2432 rure
767 2385 886 2450 paterno

100 2453 239 2510 Viventis.
280 2453 365 2511 Vivat
377 2453 487 2524 Gabiis,
502 2463 535 2509 ut
547 2453 616 2509 visit
629 2453 658 2508 in
673 2471 759 2526 agro;

100 2532 187 2589 Vivat
201 2531 334 2590 Fidenis!
376 2532 414 2588 Et
429 2530 521 2606 agello
535 2532 607 2588 cedo
621 2540 760 2606 paterno:

99 2609 177 2670 Quis
191 2623 285 2668 tamen
301 2611 429 2682 affirmat,
444 2610 484 2668 nil
499 2620 594 2666 actum
609 2610 639 2666 in
653 2609 806 2680 montibus,
822 2610 913 2670 autin

100 2687 272 2764 Speluncisl
293 2687 378 2746 Adeo
393 2699 550 2746 senuerunt
563 2688 675 2764 Jupiter
688 2698 717 2746 et
731 2686 833 2746 Marsi

139 2767 335 2824 Porticibusne
348 2767 400 2824 tibi
413 2779 583 2825 monstratur
598 2768 715 2825 ioemina
725 2777 789 2825 roto

98 2843 197 2920 Digna
211 2847 282 2903 tuol
303 2840 411 2903 Cuneis
425 2865 462 2904 an
477 2847 583 2904 habent
596 2847 759 2922 spectacula
771 2847 847 2918 totis,

97 2924 186 2986 Quod
200 2943 317 2981 securus
331 2944 418 2996 ames,
432 2925 562 3000 quodque
575 2927 642 2982 inde
656 2943 807 2999 excerpere
820 2923 971 2998 possisl-

98 3002 218 3078 Accipis
232 3020 356 3074 uxorem,
371 3004 407 3060 de
421 3003 477 3077 qud
491 3003 663 3060 citharedus
677 3003 790 3058 Echion

98 3082 160 3137 Aut
172 3081 332 3155 Glaphyrus
346 3082 395 3137 liat
407 3091 496 3154 pater,
511 3080 734 3151 Ambrosiusque
748 3076 905 3132 choraules.

97 3157 198 3235 Longa
211 3179 260 3235 per
274 3169 408 3234 angustos
421 3157 542 3232 ligamus
554 3155 662 3231 pulpita
671 3155 766 3212 vicos:
938 3165 946 3186 ’

96 3235 244 3295 Ornentur
256 3249 360 3314 postes,
375 3246 404 3294 et
417 3235 519 3312 grandi
529 3234 617 3311 janua
630 3235 718 3307 lauro,

96 3313 136 3372 Ut
148 3317 308 3374 testudineo
321 3315 381 3389 tibi,
396 3313 527 3387 Lentule,
541 3333 668 3391 conopeo

94 3392 209 3452 Nobilis
223 3393 377 3470 Euryalum
391 3395 589 3454 mirmillonem
602 3394 740 3470 exprimat
753 3392 855 3454 insana.

135 3472 235 3548 Nupta
248 3474 370 3531 senatori
384 3474 517 3532 comitata
529 3485 573 3531 est
587 3473 694 3550 Hippia
706 3472 816 3529 ludium

94 3551 144 3608 Ad
157 3550 281 3624 Pharon,
295 3563 324 3609 et
337 3550 447 3623 Nilum,
462 3553 623 3626 famosaque
636 3549 743 3606 rutenia
755 3549 839 3622 Lagi,

94 3627 228 3706 Prodigia
242 3641 271 3687 et
286 3646 379 3686 mores
390 3629 476 3685 Urbis
489 3631 643 3686 damnante
657 3625 783 3699 Canopo.

93 3703 249 3766 Immemor
263 3707 310 3764 illa
323 3705 434 3777 domis,
448 3715 477 3762 et
490 3706 628 3781 conjugis,
642 3715 725 3778 atque
738 3702 851 3776 sororis,

94 3783 145 3846 Nil
157 3786 256 3864 patriar
271 3784 407 3922 indigum
428 3785 625 3864 plorantesque
638 3781 767 3859 improba
779 3793 872 3854 natos,
