2494 4274
162 289 205 350 ᾗ
476 283 508 332 D.
525 282 622 332 JUNII
639 281 834 332 JUVENALIS

164 427 293 486 Lubente
306 425 410 499 officio,
424 426 523 484 crudis
536 425 686 496 donanda;
707 446 762 486 nec
776 425 857 496 illud,

162 505 251 566 Quod
266 505 357 582 primi
370 525 421 582 pro
434 515 519 564 nocte
532 507 626 576 datur,
640 525 729 582 quum
742 506 826 564 lance
840 501 924 562 beati

164 585 302 657 Dacicus,
316 596 345 641 et
359 585 465 660 scripto
478 584 571 642 radiat
583 584 775 643 Germanicus
790 600 868 641 auro.

164 665 195 721 Si
210 664 261 722 tibi
276 663 442 740 simplicitas
457 662 565 734 uxoria,
579 663 693 721 deditus
707 663 758 721 uni

163 742 216 800 Est
230 743 359 810 animus;
381 741 515 800 submitte
529 753 615 818 caput
628 743 740 801 cervice
753 740 852 818 parati

163 819 251 879 Ferre
263 821 382 898 jugum:
403 820 512 878 nullam
526 820 665 892 invenies,
679 839 742 895 quae
756 829 855 896 parcat
868 815 984 876 manti.

162 900 273 958 Ardeat
286 899 346 974 ipsa
360 897 438 968 ticet,
454 898 602 956 tormentis
635 901 722 956 audet
736 897 858 956 amantis

163 977 202 1036 Et
215 977 320 1053 spoliis.
362 975 453 1052 Igitur
467 974 553 1053 long&
567 919 665 1036 nnita
678 978 756 1035 utilis
770 977 811 1036 illi

165 1055 250 1126 Uxor,
264 1055 391 1131 quisquis
405 1055 459 1113 erit
474 1055 566 1114 bonus
579 1058 775 1132 optandusque
789 1054 916 1114 maritus.

163 1134 213 1190 Nil
229 1152 355 1208 unquam
369 1133 458 1192 inviti
472 1134 592 1192 donabis
606 1135 749 1211 conjuge:
770 1135 878 1192 vendes

162 1212 229 1270 tlte
242 1213 372 1270 obstante
385 1211 473 1270 nibil:
494 1213 576 1285 nihil,
588 1216 650 1270 hec
664 1215 687 1272 si
696 1214 783 1286 nolet,
797 1223 916 1271 emetur.

162 1291 237 1348 Hae'c
252 1291 330 1348 dabit
344 1290 482 1348 affectus:
504 1292 552 1349 ille
565 1291 734 1350 excludetur
748 1291 859 1348 amicus

162 1369 181 1425 J
184 1387 229 1428 am
244 1369 348 1442 senior,
362 1369 445 1444 cujus
460 1370 576 1428 barbam
589 1382 640 1428 tua
649 1371 738 1446 janua
751 1370 829 1428 vidit

162 1447 305 1506 Testandi
317 1467 405 1525 quum
420 1449 456 1507 sit
470 1449 622 1508 lenonibus
635 1461 720 1526 atque
733 1449 845 1508 lanistis

162 1527 304 1600 Libertas,
318 1538 347 1585 et
358 1527 429 1604 juris
444 1527 520 1586 idem
534 1529 683 1604 contingat
696 1547 809 1598 arenae3

163 1605 230 1664 Non
245 1626 321 1663 unus
334 1606 386 1663 tibi
400 1605 495 1664 rivalis
507 1607 663 1664 dictabitur
677 1607 777 1664 haeres.

163 1683 242 1741 Pone
256 1703 374 1741 crucem
388 1702 476 1741 servo.
518 1683 627 1741 Meruit
640 1703 696 1759 quo
710 1684 831 1741 crimine
844 1700 943 1742 savus

164 1763 365 1837 Suppliciuml
387 1761 450 1836 quis
464 1761 544 1818 testis
557 1764 658 1820 adestl
678 1763 742 1838 quis
755 1761 877 1820 detulitl
918 1760 1009 1833 Audi,

163 1840 253 1897 Nulla
266 1858 393 1914 unquam
408 1840 444 1897 de
458 1851 548 1898 morte
562 1841 684 1898 bominis
698 1843 844 1900 cunctatio
856 1842 942 1918 longa
953 1849 1006 1898 esc

163 1917 192 1974 Ο
205 1919 335 1991 demens,
349 1918 390 1977 ita
402 1938 501 1977 servus
515 1919 599 1977 homo
612 1922 677 1977 estl
698 1920 739 1978 nil
754 1921 863 1993 fecerit,
876 1932 954 1978 esto:

164 1997 230 2056 Hoc
244 1999 317 2070 volo,
332 1997 375 2058 sic
386 1999 484 2076 jubeo,
498 1999 535 2056 sit
547 2018 598 2076 pro
611 1999 721 2057 ratione
735 1999 874 2058 voluntas.

203 2076 328 2153 Imperat
341 2075 410 2153 ergo
425 2077 500 2148 viro;
522 2079 572 2135 sed
586 2097 652 2136 mox
666 2079 728 2136 haec
741 2097 831 2155 regna
844 2076 986 2154 relinquit,

163 2154 366 2231 Permutatque
380 2157 488 2227 domos,
499 2167 529 2214 et
542 2156 673 2214 flammea
686 2158 828 2216 conterit:
848 2157 918 2214 inde

163 2234 295 2307 Advolat,
310 2246 339 2292 et
353 2236 439 2309 spreti
453 2235 554 2311 repetit
567 2236 686 2311 vestigia
699 2235 775 2293 lecti.

162 2312 288 2370 Ornatas
302 2310 389 2390 pauld
405 2311 472 2372 ante
488 2314 572 2385 sores,
585 2315 741 2389 pendentia
754 2314 857 2388 linquit

163 2391 238 2449 Vela
251 2392 362 2465 domis,
377 2403 407 2450 et
420 2393 516 2450 adhuc
530 2393 635 2451 virides
649 2393 679 2450 in
692 2394 791 2452 limine
805 2411 906 2450 ramos.

164 2471 214 2528 Sic
228 2472 332 2529 crescit
345 2490 482 2530 numerus
493 2491 500 2542 ;
523 2472 565 2530 cic
579 2473 652 2530 fiunt
665 2484 730 2532 octo
743 2471 837 2530 mariti

162 2549 301 2627 Quinque
314 2571 363 2628 per
379 2562 550 2610 autumnos:
571 2553 654 2610 titulo
667 2572 713 2610 res
725 2552 814 2627 digna
827 2548 960 2628 sepulcri.

203 2629 389 2705 Desperanda
402 2631 454 2688 tibi
467 2630 545 2686 salvi
559 2630 713 2688 concordia
726 2648 819 2687 socru.

163 2706 217 2763 Illa
230 2708 315 2764 docet
328 2706 424 2782 spoliis
438 2707 508 2764 nudi
522 2709 648 2780 gaudere
662 2707 772 2775 mariti;

163 2784 218 2841 Illa
232 2785 325 2857 docet,
339 2784 433 2840 missis
447 2803 465 2840 a
477 2794 641 2860 corruptore
654 2784 776 2856 tabellis,

163 2861 215 2920 Nil
228 2863 299 2919 rude
314 2881 369 2921 aec
383 2861 504 2938 simplex
517 2863 690 2920 rescribere:
712 2862 820 2940 decipit
833 2863 884 2920 illa

163 2940 314 3011 Custodes,
326 2951 375 2998 aut
388 2959 443 2998 aere
456 2941 553 2997 domat
565 2961 572 2996 :
593 2951 662 2998 tunc
676 2959 792 3017 corpore
806 2961 876 3000 sano

162 3021 294 3078 Advocat
307 3020 504 3094 Archigenen,
517 3038 694 3096 onerosaque
707 3019 793 3096 pallia
804 3020 903 3097 jactat.

162 3099 287 3158 Abditus
301 3099 409 3162 interea
424 3098 494 3157 latet
506 3110 536 3157 et
549 3110 675 3157 secretus
689 3099 849 3157 adulter.-

163 3179 282 3236 Seilicet
295 3191 454 3255 exspectas,
468 3189 500 3235 ut
513 3180 607 3236 tradat
620 3190 709 3236 mater
724 3180 857 3238 honestos

162 3258 259 3331 Atque
274 3257 344 3314 alios
358 3276 460 3328 mores,
475 3255 561 3332 qulam
575 3278 645 3332 quos
660 3259 765 3316 habetl
785 3258 856 3316 utile
868 3253 952 3333 porrd

162 3334 293 3392 Filiolam
308 3335 383 3429 turpi
396 3334 498 3391 vetulas
508 3336 664 3410 producere
674 3348 795 3412 turpem.

201 3413 291 3471 Nulla
305 3412 364 3470 sere
379 3425 533 3485 causaest,
547 3413 578 3470 iu
591 3416 647 3490 qud
661 3434 719 3473 non
735 3413 850 3470 semina
863 3411 942 3468 litem

163 3492 293 3551 Moverit.
336 3493 465 3550 Accusat
481 3491 612 3566 Manilia,
626 3495 650 3551 si
664 3513 713 3551 rea
727 3511 784 3550 uon
798 3502 849 3548 est

163 3573 348 3649 Compouunt
360 3571 428 3648 ipsae
441 3591 492 3650 per
505 3591 545 3646 se,
561 3573 737 3646 formantque
749 3568 871 3641 libellos,

163 3649 341 3725 Principium
354 3663 437 3726 atque
452 3651 529 3710 locos
543 3651 629 3710 Celso
642 3650 750 3707 dictare
764 3658 877 3726 parate.

204 3725 393 3786 Endromidas
407 3729 521 3802 Tyrias,
535 3741 564 3786 et
579 3730 744 3786 stamineum
759 3747 873 3788 ceroma

163 3803 241 3866 Quis
254 3805 366 3864 nescitl
387 3805 507 3881 calquis
521 3825 579 3864 uon
592 3807 662 3864 vidit
675 3808 793 3864 vulnera
805 3806 883 3882 palil

1089 3807 1150 3867 200
