2494 4274
163 233 205 296 ω
475 230 509 281 D.
525 231 622 282 suun
638 231 836 282 JUVENAle

163 372 291 450 Virginis
302 371 437 446 occurrit,
450 372 493 432 vel
507 373 583 432 unt
596 373 737 432 clauditur
751 372 853 445 inians,

163 449 432 528 Etminorignero
453 451 469 508 '.
509 451 586 512 Quis
598 451 676 510 enim
690 452 899 509 bonusetfaoe
913 449 1019 527 digms
1094 450 1151 509 lltt
1239 443 1240 446 ’

163 528 291 602 Arcani,
304 529 416 606 qualem
473 531 543 595 reria
555 530 615 588 vult
627 549 690 588 esee
703 530 845 601 sacerdos,

165 606 228 665 Ulla
241 608 335 666 aliena
347 608 401 666 sibi
414 608 512 666 credat
524 608 619 666 malai
660 609 778 684 Separat
792 609 847 665 hoo
861 626 913 665 nos

163 685 192 743 A
206 705 293 763 grege
306 696 459 757 mutorum,
471 696 555 761 atque
569 686 634 746 idec
647 686 806 743 venerabile
820 686 872 744 soli

164 764 261 822 Sortiti
275 765 431 842 ingenium,
442 763 654 839 divinorumque
667 781 798 840 capaces,

163 841 259 918 Atque
272 844 439 903 exercendis
451 842 653 918 capiendisque
666 842 773 900 crnibus
786 842 854 918 apti,
1095 842 1151 900 145

164 920 287 976 Sensum
297 938 315 977 a
327 920 436 978 orelesti
450 919 604 978 demissum
617 921 754 978 maximus
769 939 844 990 arce,

163 997 255 1073 Cujus
267 1009 354 1074 egent
365 1016 454 1073 prona
468 1006 498 1056 et
510 1009 613 1057 terram
627 999 793 1076 spectantia.
835 997 939 1056 Mundi

164 1074 308 1152 Principio
321 1075 439 1134 indulsit
451 1077 612 1134 communis
625 1077 754 1135 conditor
768 1076 824 1133 illis

164 1151 293 1212 Tantirm
306 1154 426 1227 animas,
440 1154 523 1213 uobis
536 1156 663 1212 animum
677 1173 798 1229 quoque,
813 1165 929 1210 mutnus
942 1165 974 1211 ut
986 1171 1041 1212 nos

165 1231 296 1290 Affectus
308 1243 404 1310 petere
417 1233 553 1292 auxilium
567 1243 596 1290 et
609 1245 742 1309 praestare
753 1233 875 1307 juberet,
1095 1232 1152 1289 15⁰

165 1308 316 1386 Dispersus
328 1312 440 1370 trabere
453 1311 483 1369 in
497 1311 642 1388 populum,
656 1311 777 1386 migrare
792 1321 901 1367 vetusto

165 1386 209 1445 De
223 1407 348 1461 nemore,
358 1401 388 1448 et
400 1390 509 1466 proavia
523 1389 661 1448 habitatas
674 1390 799 1464 linquere
813 1389 897 1445 silvas

165 1466 321 1526 AEdificare
335 1468 442 1541 domos,
457 1469 577 1526 Laribus
587 1468 759 1543 conjungere
773 1467 876 1524 nostris

165 1544 290 1603 Tectum
304 1545 391 1618 aliud,
405 1558 480 1606 tutos
494 1547 589 1604 ricino
602 1546 699 1603 limine
713 1563 826 1602 somnos

165 1622 204 1679 Ut
217 1623 319 1681 collata
332 1625 412 1682 daret
424 1624 545 1693 fiducia3
566 1635 711 1700 protegere
726 1623 810 1680 armis

165 1699 290 1774 Lapsum
304 1711 352 1758 aut
366 1701 474 1777 ingenti
488 1711 634 1760 nutantem
649 1702 763 1759 vulnere
777 1701 878 1771 civem,

166 1777 319 1836 Communi
334 1779 401 1838 dare
416 1778 497 1855 signa
510 1779 588 1850 tubi,
603 1780 749 1838 defendier
763 1778 854 1836 isdem

165 1854 316 1928 Turribus,
331 1866 414 1933 atque
427 1858 485 1915 und
497 1869 639 1934 portarum
653 1859 731 1916 clave
744 1858 843 1915 teneri.

166 1934 224 1994 Sed
236 1934 295 2009 jam
309 1947 470 2012 serpentum
484 1936 571 2012 major
585 1938 744 1994 concordia.
786 1935 880 1992 Parcit

166 2012 303 2086 Cognatis
316 2015 436 2072 maculis
449 2015 549 2072 similis
562 2016 629 2072 sera.
668 2015 796 2076 Quando
808 2013 883 2070 leoni
938 2009 946 2022 '
1096 2012 1156 2069 150

167 2090 276 2148 Fortior
289 2093 392 2167 eripuit
405 2094 490 2150 vitam
503 2093 569 2150 leol
588 2111 645 2166 quo
659 2111 774 2150 nemore
789 2109 913 2165 unquam

167 2167 325 2242 Exspiravit
339 2188 405 2244 aper
419 2170 532 2245 majoris
546 2171 678 2228 dentibus
693 2171 775 2245 april

168 2245 268 2304 Indica
281 2246 361 2322 tigris
374 2247 433 2323 agit
446 2248 544 2306 rabide
558 2267 624 2306 cum
639 2250 740 2325 tigride
754 2265 853 2324 paoem

167 2324 353 2400 Perpetuam:
374 2327 454 2384 saeris
467 2326 541 2385 inter
554 2347 585 2384 se
599 2327 731 2385 convenit
745 2326 825 2384 ursis.

167 2404 222 2460 Ast
237 2404 344 2462 bomini
358 2403 463 2464 serrum
476 2405 560 2464 letale
573 2406 678 2464 incude
692 2405 816 2463 nefandi
906 2429 908 2436 ,
1094 2404 1154 2461 165

167 2480 336 2540 Produxisse
349 2502 449 2560 parum
460 2495 518 2553 est;
540 2503 626 2560 quum
641 2497 729 2542 rastra
743 2495 772 2540 et
785 2483 895 2540 sarcula
908 2479 1017 2540 tantini

167 2561 283 2618 Assueti
297 2579 429 2636 coquere,
443 2573 472 2620 et
485 2564 584 2620 marris
595 2583 629 2620 ac
643 2581 755 2620 vomere
769 2562 834 2618 lassi

135 2703 140 2714 ¹
167 2638 330 2695 Nescierint
342 2640 424 2714 primi
438 2639 546 2715 gladios
559 2642 714 2698 extundere
730 2641 808 2697 labri.

167 2716 352 2790 Adspioimus
365 2718 492 2790 populos,
505 2735 625 2790 quorum
639 2737 696 2774 non
710 2719 814 2774 sufficit
825 2717 873 2773 irae

166 2791 316 2849 Occidisse
329 2793 450 2866 aliquem
462 2815 468 2863 ;
490 2795 540 2850 sed
554 2805 677 2869 pectora,
690 2797 814 2866 brachia,
828 2796 935 2852 vultum
1095 2795 1155 2852 17⁰

166 2869 348 2928 crediderint
360 2889 451 2947 genus
461 2889 524 2930 esse
537 2872 604 2930 cibi.
644 2873 726 2934 Quid
741 2874 849 2930 diceret
861 2873 940 2948 ergd,

166 2947 220 3006 Vel
234 2946 290 3024 qud
304 2968 362 3008 non
377 2950 496 3026 fugeret,
511 2951 534 3009 si
548 2969 626 3009 nunc
640 2953 702 3010 baec
716 2963 840 3009 monstra
853 2953 960 3009 videret

167 3026 348 3105 Pythagoras,
362 3029 475 3088 cunctis
488 3031 657 3090 animalibus
671 3032 806 3090 abstinuit
818 3031 867 3105 qui

166 3106 318 3184 'l'anquarn
332 3109 457 3185 bomine,
469 3120 499 3170 et
513 3111 602 3170 ventri
616 3111 733 3170 indulsit
745 3128 804 3169 non
817 3127 902 3168 omne
915 3107 1070 3184 legumen?

528 3415 685 3473 SATIRA
706 3415 789 3474 XVI.

205 3574 286 3636 Quis
300 3591 449 3633 numerare
462 3585 547 3650 queat
560 3574 651 3633 felicis
671 3573 796 3649 premia,
810 3573 904 3648 Galle,

167 3650 299 3710 Militiael
339 3651 416 3711 Nam
429 3653 454 3709 si
467 3655 623 3712 subeuntur
636 3662 767 3729 prospera
780 3663 882 3726 castra,

168 3726 217 3785 lde
230 3730 362 3807 pavidum
375 3730 498 3806 excipiat
511 3731 631 3790 tironem
645 3744 725 3808 porta
738 3732 865 3790 secundo
