2494 4274
168 249 209 308 7⁰
479 246 512 294 1).
530 245 627 296 Juuu
643 246 839 296 Juvnuams

166 387 342 460 ouesitum,
355 397 485 464 etpartos
498 388 593 464 gladio
608 389 649 445 vel
663 389 766 462 pyxide
780 390 933 446 nummosi

168 463 241 522 Rari
254 467 356 541 quippe
372 466 454 524 boni:
477 486 612 523 numerus
625 466 671 522 vix
685 480 727 522 est
741 468 869 540 totidem,
882 478 950 541 quot

168 541 336 601 Thebarum
349 556 445 620 portae,
461 545 505 601 vel
519 545 612 602 divitis
625 545 698 602 ostia
711 543 781 602 Nili.

167 620 255 680 Nona
268 633 336 680 aetas
349 623 453 698 agitur,
465 623 614 698 pejoraque
629 622 733 679 saecula
747 622 811 680 ferri

168 698 369 776 Temporibus,
384 719 502 775 quorum
516 701 617 758 sceleri
631 720 688 758 non
704 701 812 757 invenit
825 701 887 776 ipsa

167 776 283 836 Nomen
297 790 327 836 et
341 797 357 834 a
371 779 448 836 nullo
462 779 555 854 posuit
569 791 670 836 natura
683 779 805 836 metallo.

168 856 231 914 Nos
245 857 391 914 hominum
405 857 556 930 divomque
571 857 655 914 fidem
670 856 792 914 clamore
806 857 924 929 ciemus,

167 934 286 995 Quanto
300 933 454 990 Faesidium
468 934 565 991 laudat
579 934 683 991 vocalis
697 946 828 1010 agentem

169 1010 309 1087 Sportula.
351 1011 417 1082 Dic,
431 1012 534 1083 senior,
550 1013 627 1068 bulla
641 1012 817 1086 dignissime,
831 1013 936 1086 nescis,

167 1090 251 1151 Quas
265 1090 367 1146 habeat
382 1090 509 1146 Veneres
523 1090 615 1148 aliena
629 1092 770 1166 pecunial
791 1091 895 1162 nescis,

168 1169 265 1229 Quem
280 1179 328 1226 tua
341 1168 506 1244 simplicitas
520 1169 607 1226 risum
622 1169 706 1244 vulgo
720 1181 838 1239 moveat,
854 1187 942 1244 quum

169 1245 270 1321 Exigis
283 1265 300 1302 a
313 1267 462 1321 quoquam,
477 1267 513 1304 ne
527 1248 643 1322 pejeret,
657 1260 685 1303 et
698 1259 778 1322 putet
792 1248 856 1304 ullis

168 1324 240 1382 Esse
254 1325 366 1398 aliquod
381 1344 486 1382 numen
502 1326 622 1400 templis,
638 1343 748 1399 araeque
762 1327 895 1383 rubentil

168 1404 325 1464 Quondam
340 1405 393 1461 hoc
407 1405 549 1479 indigenae
564 1404 695 1461 vivebant
709 1423 797 1475 more,
811 1402 890 1479 prius
905 1401 991 1479 quem

170 1483 302 1540 Sumeret
315 1494 456 1558 agrestem
469 1483 560 1558 posito
574 1483 733 1540 diademate
748 1484 848 1540 falcem

169 1562 311 1619 Saturnus
325 1561 454 1636 fugiens3
476 1573 555 1632 tunc,
569 1580 656 1634 quum
671 1561 836 1634 virguncula
849 1560 936 1633 luno,

169 1637 208 1696 Et
220 1640 344 1712 privatus
358 1640 452 1696 adhuc
467 1639 551 1694 Idaeis
565 1639 679 1712 Jupiter
694 1641 790 1695 antris.

169 1714 258 1772 Nulla
271 1734 354 1792 super
369 1717 460 1773 nubes
474 1717 602 1773 convivia
615 1716 817 1788 celicolarum,

168 1791 234 1850 Nec
248 1811 317 1868 puer
332 1792 450 1866 Iliacus,
465 1795 586 1852 formosa
599 1813 654 1851 nec
668 1795 801 1852 Herculis
816 1814 888 1853 uxor

169 1870 218 1926 Ad
232 1873 357 1946 cyathos,
371 1872 468 1947 etjam
483 1873 589 1930 siccato
599 1883 713 1930 nectare
728 1885 841 1949 tergens

169 1949 292 2008 Brachia
304 1951 453 2008 Vulcanus
466 1951 595 2026 Liparaed
609 1952 690 2026 nigra
703 1953 829 2008 taberne.

169 2027 330 2087 Prandebat
342 2029 396 2086 sibi
410 2031 527 2105 quisque
541 2031 622 2101 deus,
637 2049 691 2086 nec
705 2031 787 2087 turba
801 2033 918 2087 deorum

169 2106 260 2177 Talis,
275 2118 306 2163 ut
320 2118 362 2164 est
376 2109 470 2178 hodie,
485 2119 673 2180 contentaque
687 2109 781 2163 sidera
794 2108 893 2181 paucis

168 2181 344 2242 Numinibus
358 2185 492 2241 miserum
507 2185 665 2259 urguebant
681 2185 797 2241 Atlanta
811 2185 913 2240 minori

169 2259 307 2319 Pondere.
348 2261 486 2319 Nondum
501 2263 601 2336 aliquis
615 2264 727 2319 sortitus
741 2263 820 2319 triste
833 2261 965 2336 profundi

124 2363 130 2374 ·
169 2339 335 2414 Imperium,
346 2351 395 2398 aut
409 2340 508 2398 Sicula
522 2352 616 2398 torvus
630 2358 696 2398 cum
710 2340 831 2416 conjuge
846 2339 957 2398 Pluton.

169 2417 234 2475 Nec
249 2429 317 2490 rota,
332 2437 387 2476 nec
401 2419 505 2491 Furiae,
520 2437 575 2476 nec
589 2439 697 2490 saxum,
713 2430 761 2475 aut
775 2418 892 2476 vulturis
905 2418 957 2476 atri

136 2537 140 2544 -
169 2496 277 2566 Poena3
299 2497 349 2554 sed
362 2498 482 2556 infernis
496 2499 599 2556 hilares
612 2500 673 2555 sine
688 2497 801 2572 regibus
815 2497 930 2553 umbre.

168 2575 338 2652 Improbitas
351 2577 399 2634 illo
413 2577 465 2634 fuit
478 2578 650 2634 admirabilis
665 2594 732 2632 aevo.

169 2651 333 2711 Credebant
346 2656 401 2710 hoc
415 2657 522 2728 grande
537 2655 626 2725 nefas,
640 2665 669 2710 et
682 2665 771 2710 morte
785 2653 931 2729 piandum,

170 2731 202 2786 Si
213 2731 325 2805 juvenis
339 2730 432 2787 vetulo
445 2751 502 2788 non
517 2732 712 2788 adsurrexerat
726 2733 791 2788 etsi

169 2808 291 2866 Barbato
304 2807 464 2881 cuicunque
478 2827 557 2882 puer,
571 2807 641 2866 licet
655 2809 714 2884 ipse
729 2811 834 2866 videret

169 2884 255 2942 Plura
269 2885 344 2943 domi
359 2885 446 2960 fraga,
458 2897 486 2943 et
500 2889 619 2963 majores
632 2887 743 2962 glandis
757 2906 878 2944 acervos.

169 2964 246 3020 Tam
260 2964 419 3022 venerabile
434 2977 494 3022 erat
507 2967 667 3041 praecedere
681 2978 800 3040 quatuor
814 2965 906 3036 annis,

169 3042 319 3118 Primaque
333 3062 382 3118 par
397 3041 469 3102 aded
484 3064 571 3102 sacrae
585 3045 690 3119 lanugo
704 3044 844 3101 senectae!

169 3121 268 3193 Nunc,
283 3123 306 3178 si
321 3123 479 3196 depositum
493 3143 550 3180 non
565 3123 701 3180 infitietur
715 3123 832 3190 amicus,

171 3201 203 3256 Si
217 3201 318 3256 reddat
330 3210 453 3256 veterem
468 3219 534 3257 cum
548 3201 607 3256 tota
622 3200 747 3272 aerngine
762 3197 868 3266 follem,

170 3276 337 3348 Prodigiosa
350 3275 431 3343 fides,
445 3287 473 3329 et
487 3275 593 3328 Tuscis
608 3277 696 3346 digna
709 3275 820 3342 libellis,

170 3351 303 3424 Quaeque
317 3349 452 3406 coronatis
465 3348 579 3403 lustrari
590 3349 692 3404 debeat
705 3351 787 3421 agnai.

171 3427 329 3504 Egregium
343 3435 530 3498 sanctumque
544 3424 635 3479 virum
649 3424 672 3478 si
687 3442 782 3493 cerno,
799 3421 936 3480 bimembr

172 3507 238 3564 Hoc
252 3513 407 3562 monstrum
420 3520 518 3578 puero,
533 3512 581 3559 aut
595 3500 708 3556 miranti
722 3503 774 3557 sub
786 3511 878 3558 aratro
915 3507 916 3510 ’

173 3585 304 3641 Piscibus
318 3581 449 3653 inventis,
463 3589 492 3637 et
507 3581 581 3637 foetae
595 3597 726 3654 comparo
742 3579 835 3651 mulae,

174 3660 329 3733 Sollicitus,
343 3669 477 3734 tanquam
490 3659 599 3733 lapides
612 3658 743 3716 effuderit
757 3659 858 3732 imber,

174 3735 337 3796 Examenve
351 3737 446 3814 apium
459 3735 545 3813 longa
559 3737 719 3796 consederit
733 3738 796 3798 uui.

1078 3495 1080 3502 ’
1115 3505 1159 3563 65
