2502 4284
507 237 633 288 sumn
650 239 696 289 Vi.

92 409 95 416 ‚
133 377 248 436 Dixeris
262 378 325 436 heo
338 377 411 436 inter
425 379 567 438 varicosos
579 382 780 445 oenturinnes:

94 454 240 515 Continud
254 475 383 515 erassum
397 458 471 515 ridet
485 459 636 518 Vulienius
649 461 762 538 ingens¹

94 534 130 594 Et
143 547 263 594 eentum
276 535 394 593 (irenes
407 548 490 596 euno
502 550 637 597 oentusse
651 539 760 598 lioetur,

468 847 627 908 SATIRA
648 849 701 909 vl.

404 1017 453 1067 AD
469 1017 614 1067 GAESIUM
631 1019 778 1073 BASSUM.

130 1161 280 1219 Annotrn
290 1158 349 1236 jem
362 1159 463 1218 brume
477 1160 540 1219 soon
553 1172 590 1234 te,
605 1161 702 1235 Basse,
716 1163 845 1225 &hinet

89 1238 197 1296 Jemne
210 1239 272 1314 lyre
283 1249 313 1296 et
325 1240 426 1297 tetrioo
439 1239 535 1298 vivunt
548 1240 599 1298 tibi
612 1241 727 1315 pectine
739 1243 876 1304 ohordet

89 1317 168 1375 Mire
181 1317 278 1393 opifex
292 1318 418 1376 numeris
432 1328 557 1376 veterum
570 1319 724 1393 primordio
736 1338 842 1394 rerum,

89 1397 188 1472 Atque
202 1413 312 1452 merem
325 1396 472 1473 strepitum
486 1395 551 1452 fidis
564 1396 720 1454 intendisse
733 1396 863 1457 Latine:

89 1473 163 1532 Mox
173 1474 295 1550 juvenes
308 1472 414 1551 agitere
425 1474 515 1550 jooos,
529 1484 558 1530 et
570 1473 672 1549 pollioe
687 1474 808 1534 honesto
1061 1479 1083 1538 ὅ

87 1551 237 1629 Egregius
250 1552 350 1609 iusisse
363 1571 455 1611 senes.
497 1551 571 1609 Mihi
585 1569 664 1610 nuno
676 1551 767 1630 Ligus
778 1573 829 1612 orn

88 1630 218 1706 Intepet‚
232 1631 426 1708 hybernstque
439 1648 535 1688 meum
549 1649 637 1704 mere,
651 1631 708 1707 qud
721 1631 796 1690 intus
809 1633 913 1712 ingens

87 1709 170 1767 Dant
184 1708 304 1785 scopuli,
318 1721 347 1767 et
360 1709 449 1767 multi
461 1709 539 1767 littus
552 1728 583 1768 se
596 1708 668 1767 velle
678 1721 813 1788 receptet.

87 1789 194 1846 Lunai
205 1796 318 1863 portum
331 1796 374 1845 ost
387 1806 477 1863 opere
491 1805 664 1862 cognoscere,
680 1789 761 1850 cives

86 1867 149 1925 Cor
161 1866 243 1942 jubet
258 1867 312 1925 hoo
325 1865 416 1939 Enni,
430 1877 575 1946 postquem
589 1867 815 1928 destertuitesse
1043 1871 1081 1930 10

86 1943 252 2003 Moeonides
265 1944 394 2007 Quintus
406 1962 517 2020 parone
528 1963 564 2002 ex
577 1944 763 2020 Pythagoreo.

86 2022 151 2080 Hie
165 2041 220 2098 ego
233 2039 351 2080 securus
364 2023 452 2098 vulgi,
465 2023 575 2096 etquid
588 2033 726 2099 preparet
739 2023 845 2084 Auster

88 2101 198 2159 Infelix
211 2102 316 2176 penori,
330 2119 447 2160 seourus
461 2110 500 2172 et,
514 2101 636 2177 angulus
648 2101 697 2159 ilie

88 2179 190 2238 Vioini
204 2189 302 2238 nostro
312 2180 379 2255 quie
391 2179 539 2257 pinguior:
559 2180 612 2237 etsi
626 2178 699 2239 oded
711 2199 812 2246 omnes

88 2257 243 2316 Ditesonnt
257 2258 311 2316 orti
325 2257 478 2334 pejoribus,
489 2275 579 2332 usque
593 2277 723 2316 reousem
1044 2262 1080 2322 15

88 2336 206 2393 Curvus
219 2336 257 2395 ob
269 2335 298 2394 id
312 2336 402 2394 minui
415 2336 505 2408 senio,
520 2347 569 2394 sut
581 2354 696 2394 omnere
709 2337 771 2398 sine
784 2348 873 2398 neoto

89 2415 129 2472 Et
144 2415 258 2490 signum
273 2415 302 2472 in
316 2414 417 2492 vepidd
430 2433 500 2476 naso
513 2413 639 2490 tetigisse
652 2414 763 2490 legend.

90 2494 243 2568 Disorepet
256 2494 301 2550 his
315 2493 395 2551 eiius.
436 2491 583 2564 Geminos,
597 2491 762 2584 horoscope¹
776 2509 844 2552 vero

90 2570 232 2629 Produois
246 2571 339 2646 genie.
380 2572 455 2629 Solis
468 2570 609 2628 netolibus
621 2581 726 2645 estqui

89 2649 202 2726 Tinget
214 2649 277 2707 olus
291 2650 401 2707 sioonm
414 2650 507 2707 morit
520 2649 598 2707 refer
611 2649 642 2706 in
656 2649 748 2706 oalioe
762 2648 867 2726 emptd,
1039 2649 1081 2710 2⁰

90 2728 157 2804 Ipse
172 2745 285 2784 snorum
298 2727 422 2788 irrorans
434 2729 540 2804 putinm
552 2728 650 2804 piper:
670 2728 719 2786 hio
733 2728 809 2786 bone
821 2728 908 2788 dente

88 2806 220 2863 Grandia
233 2805 432 2882 magnanimus
443 2806 553 2883 peragit
564 2825 643 2883 puer.
684 2807 755 2866 Uter
767 2825 831 2885 ego,
845 2817 927 2880 ntor:

89 2884 119 2941 N
121 2903 157 2940 eo
172 2883 304 2948 rhombos
317 2885 382 2942 ideo
395 2883 501 2942 libertis
513 2902 618 2962 ponere
631 2886 734 2960 lentus,

89 2961 158 3020 Nee
172 2972 285 3020 tenuem
299 2962 388 3024 solers
400 2963 546 3020 turdorum
559 2961 645 3021 ndsse
658 2965 783 3022 saiivam.

89 3039 189 3097 Messe
202 3051 286 3099 tenus
298 3040 411 3118 proprie
423 3042 495 3112 vive,
508 3051 538 3098 et
550 3042 690 3116 granerio,
704 3041 746 3098 fes
759 3050 813 3112 est,
1039 3045 1080 3105 23

90 3117 203 3176 Emole.
243 3119 325 3179 Quid
339 3119 471 3177 metensi
491 3135 572 3188 noos,
586 3129 615 3174 et
628 3137 712 3194 seges
725 3117 814 3176 nitere
827 3117 858 3177 in
871 3119 961 3180 herb&
972 3133 1026 3184 est

92 3198 149 3254 Ast
164 3205 244 3255 vocnt
258 3196 384 3255 offitium
397 3216 403 3253 :
424 3196 505 3256 urbs
516 3195 600 3270 rupti
612 3195 723 3255 Bruttis
736 3215 806 3255 sext

91 3273 214 3332 Prendit
227 3275 336 3333 eminus
349 3276 440 3354 inops,
455 3292 571 3350 remque
583 3293 698 3337 omnem
711 3276 853 3360 sordeque
865 3289 931 3340 vote

91 3352 230 3411 Condidit
243 3353 344 3412 Ionio:
361 3355 438 3432 jeeet
452 3354 512 3430 ipse
525 3353 555 3411 in
569 3353 670 3429 littore,
684 3366 713 3415 et
726 3357 786 3418 und

91 3430 232 3507 Ingentes
247 3432 283 3490 de
296 3451 390 3509 puppe
404 3433 461 3505 dei,
473 3433 588 3509 jamque
602 3436 686 3493 obvie
698 3435 804 3510 mergis
1039 3433 1080 3490 8⁰

90 3509 181 3567 Costa
191 3510 258 3567 rotis
272 3509 382 3568 isoerae.
424 3511 513 3570 Nuno
526 3523 556 3570 et
569 3512 605 3569 de
617 3513 727 3586 cespite
740 3511 804 3568 viro

92 3587 206 3662 Frange
220 3587 336 3660 aliquid,
350 3586 452 3662 largire
465 3589 555 3664 inopi,
569 3607 606 3644 ne
619 3589 711 3662 pietus
724 3586 836 3646 oberret

92 3665 227 3724 Coeruled
242 3666 271 3724 in
287 3663 392 3723 tubuli.
424 3665 442 3695 ‘⁴
455 3666 513 3723 Sed
526 3683 639 3722 ooenam
654 3663 760 3720 funeris
773 3662 865 3721 heres

93 3742 230 3822 Negliget
243 3744 341 3817 iratus,
354 3739 433 3820 qudd
447 3762 508 3803 rem
521 3741 695 3801 curtaveris:
716 3759 795 3800 umor
