2494 4274
463 299 586 349 SATIRA
603 299 679 349 XIIi.

67 441 210 498 Culmine
224 437 345 508 delubri,
358 450 494 514 tanquam
507 442 536 498 in
550 461 629 498 mare
643 440 754 499 fluxerit
765 441 857 499 amuis

66 518 241 594 Gurgitibus
256 518 344 588 miris,
359 531 387 573 et
402 517 482 573 iactis
496 521 601 575 vortice
614 529 731 576 torrens.

109 597 275 670 Intercepta
289 597 389 650 decem
403 595 528 668 quereris
542 597 668 653 sestertia
683 595 779 654 fraude

69 673 243 748 Sacrilegii
263 672 351 732 Quid·
360 673 381 727 si
398 672 440 727 bis
454 683 571 728 centum
585 673 708 748 perdidit
721 674 791 732 alter

69 753 138 810 Hoc
152 769 258 809 areana
272 750 376 806 modoi
396 750 532 825 majorem
546 751 645 807 tertius
660 751 709 808 illt

69 832 234 899 Summam,
248 845 331 902 quam
347 827 450 900 patulae
464 828 509 884 vix
523 839 638 902 ceperat
652 829 773 904 angulus
787 831 881 888 arcaei

68 907 150 966 Tam
163 905 247 964 facile
261 915 291 962 et
302 923 423 980 pronum
437 917 479 963 est
494 925 609 981 superos
623 919 808 966 contemnere
821 919 918 981 testea,

69 988 101 1042 Si
118 985 246 1042 mortalis
260 984 335 1040 idem
350 1001 433 1040 nemo
442 983 528 1040 sciat!
571 985 706 1059 Adspice,
721 987 826 1060 quanti

70 1065 154 1121 Voce
168 1063 273 1138 uegeti
294 1079 356 1136 que
370 1061 406 1118 sit
420 1061 477 1119 ficti
491 1063 649 1120 constantia
663 1063 775 1139 uuluisi

70 1141 127 1198 Per
142 1141 209 1198 sciis
223 1140 325 1211 radios,
337 1139 516 1215 Tarpeiaque
530 1141 649 1198 fulmina
660 1142 745 1217 jurat,

15 1261 17 1266 -
70 1219 110 1277 Et
122 1218 225 1276 Martis
239 1218 382 1290 frameam,
397 1229 425 1275 et
439 1219 559 1275 Cirrhaei
573 1220 682 1294 spicula
695 1221 776 1292 vatis,

71 1297 129 1354 Per
143 1297 267 1354 calamos
280 1297 428 1353 venatricis
441 1297 655 1372 pharetramque
669 1297 785 1371 Puellae,

68 1375 185 1450 I‘erque
199 1386 289 1445 tuum,
303 1386 381 1449 pater
397 1375 490 1450 AEgaei
505 1375 649 1449 Neptune,
664 1377 814 1434 tridentem
826 1397 834 1447 ;

56 1525 58 1527 Ι
73 1454 166 1511 Addit
179 1464 208 1510 et
221 1452 379 1510 Herculeos
392 1471 485 1522 arcus,
500 1453 664 1526 hastamque
679 1452 825 1526 Minervae,

63 1531 224 1606 Quidquid
239 1529 344 1588 habent
358 1531 480 1588 telorum
494 1530 710 1587 armamentaria
724 1531 797 1588 eoeii.

6 1609 13 1660 '.
74 1609 107 1667 Si
121 1607 188 1667 γετὸ
203 1620 229 1666 et
245 1619 324 1684 pater
337 1621 398 1665 est:
419 1609 587 1684 Comedam,
601 1608 702 1683 inquit,
717 1608 810 1668 flebile
824 1609 884 1668 uati

26 1707 30 1714 ·
75 1687 209 1764 Siuciput
222 1686 300 1758 eiisr,
314 1687 471 1762 Pharioque
487 1687 627 1744 madentis
641 1699 728 1746 aceto.

6 1769 8 1776 ’
79 1799 82 1803 -
114 1767 199 1836 Sunt,
214 1765 244 1823 in
259 1765 392 1824 Fortunae
406 1766 453 1840 qui
468 1766 581 1823 casibus
594 1767 690 1824 omnia
702 1777 818 1842 ponant,

6 1883 8 1918 3
76 1843 114 1902 Et
128 1844 207 1901 nullo
221 1844 340 1901 credaut
354 1845 491 1918 muudum
505 1857 614 1904 rectore
628 1846 744 1918 moron,

6 1961 14 1974 t
74 1921 189 1980 Natura
201 1921 328 1979 volvente
342 1923 418 1978 vices
431 1933 460 1979 et
473 1923 554 1994 lucie,
568 1935 597 1980 et
611 1924 695 1992 anui3

6 2017 7 2024 ¹
74 2002 171 2076 Atque
186 2001 251 2057 ideo
264 2000 397 2074 intrepidi
411 2019 586 2076 quaecunque
601 2002 699 2058 altaria
713 2013 842 2077 tangunt.

6 2117 19 2140 ι,
44 2089 45 2092 ’
75 2079 129 2136 Est
143 2079 227 2148 alius,
242 2090 371 2135 metuens
385 2097 422 2134 ne
436 2078 544 2135 crimen
558 2097 642 2153 poena
656 2092 803 2153 sequatur:

75 2157 103 2214 H
107 2159 133 2215 ic
147 2168 228 2234 putat
241 2175 303 2216 esse
317 2157 396 2227 deos,
411 2166 439 2212 et
452 2155 567 2230 pejerat,
583 2167 664 2232 atque
679 2158 718 2215 ita
731 2175 843 2215 secum:

74 2235 229 2306 Decernat,
243 2235 430 2310 quodcunque
446 2234 527 2306 volet,
542 2235 577 2292 de
592 2254 707 2311 corpore
721 2249 817 2295 nostro

75 2313 139 2384 Isis,
154 2325 183 2370 et
196 2314 266 2370 irato
280 2312 359 2369 feriat
373 2331 436 2369 mea
449 2312 556 2369 lumina
569 2313 660 2385 sistro,

76 2391 239 2448 Dummodo
252 2390 294 2446 vel
308 2408 403 2447 caecus
416 2402 539 2460 teneam,
552 2410 621 2464 quos
635 2393 754 2468 abnego,
769 2411 908 2452 nummos.

6 2531 9 2537 ,
76 2468 113 2526 Et
125 2469 257 2544 phthisis,
271 2479 300 2526 et
314 2469 429 2526 rumicae
443 2479 548 2542 putres,
563 2479 591 2523 et
605 2470 753 2526 dimidium
768 2489 833 2526 crus

76 2548 151 2604 Sunt
166 2543 256 2603 tantii
277 2573 281 2582 ¹
298 2545 408 2621 Pauper
421 2546 591 2622 locupletem
600 2557 695 2620 optare
709 2548 863 2622 podagram

7 2627 11 2632 '
56 2687 59 2693 ,
76 2623 122 2682 Ne
137 2625 249 2682 dubitet
262 2622 365 2695 Ladas,
380 2619 403 2680 si
418 2643 475 2680 nou
489 2635 554 2698 eget
568 2624 716 2698 Anticyrai,
730 2643 785 2680 nec

20 2711 22 2714 '
39 2699 41 2702 ’
63 2703 251 2778 Archigene.
291 2701 372 2762 Quid
387 2703 463 2758 enim
477 2702 580 2759 velocis
593 2702 684 2778 gioria¹
695 2703 799 2778 plante

7 2789 11 2854 J
24 2815 27 2822 ·
77 2780 205 2851 Praestat,
219 2791 248 2838 et
261 2781 388 2837 esuriens
401 2779 499 2836 Pisaeae
513 2799 607 2837 ramus
620 2782 720 2839 olivet

6 2901 8 2906 -
77 2859 114 2916 Ut
128 2854 165 2916 sit
179 2877 291 2934 magna,
306 2869 399 2915 tamen
415 2857 491 2916 certe
506 2859 583 2916 lenta
596 2861 637 2916 ira
651 2862 768 2919 deorum
781 2872 832 2918 est.
1004 2861 1061 2920 10⁰

78 2937 109 2995 Si
123 2949 226 2994 curant
239 2937 323 3012 igitur
336 2948 456 2994 cunctos
469 2938 569 3011 punire
583 2949 730 3008 nocentes,

26 3019 28 3024 ’
76 3015 205 3075 Quando
218 3015 253 3071 ad
267 3033 312 3071 me
327 3015 459 3070 venienti
482 3015 531 3068 sed
545 3024 573 3070 et
587 3016 728 3070 exorabile
742 3032 849 3069 numen

78 3092 210 3150 Fortasse
223 3093 367 3168 experiat:
389 3091 459 3146 solet
472 3091 516 3145 his
530 3090 684 3162 ignoscere.
727 3087 812 3144 Multi

77 3171 267 3228 committunt
282 3169 382 3225 eadem
396 3169 505 3222 diverso
519 3164 638 3221 crimina
652 3166 725 3221 fato:

78 3247 132 3305 lile
146 3267 261 3306 crucem
272 3246 386 3306 sceleris
399 3243 520 3320 pretium
534 3241 606 3313 tulit,
621 3243 669 3300 hic
683 3243 822 3301 diadema.
1004 3241 1061 3302 105

79 3327 130 3383 Sic
144 3328 270 3383 smmum
283 3325 351 3382 dire
366 3323 505 3399 trepidum
520 3321 669 3380 formidine
683 3321 773 3399 cuipae

78 3404 264 3462 Confirmant.
305 3403 392 3461 Tunc
406 3413 433 3459 te
443 3419 523 3458 sacra
536 3401 571 3458 ad
586 3400 702 3459 delubra
716 3412 863 3460 vocantem

78 3482 229 3553 Praecedit,
242 3483 352 3538 trahere
365 3481 452 3537 immo
465 3480 539 3537 ultro
553 3499 587 3537 ac
601 3501 700 3538 vexare
714 3491 836 3555 paratus.

78 3559 108 3616 N
110 3579 166 3632 am,
180 3579 268 3634 quum
281 3576 384 3633 magna
397 3559 479 3615 malae
493 3571 618 3632 superest
632 3558 752 3615 audacia
765 3575 868 3626 causae,

79 3637 213 3695 Creditur
227 3657 244 3694 a
257 3635 353 3692 multis
366 3635 477 3692 fiducia.
519 3635 640 3692 Mimum
655 3634 713 3706 agit
727 3633 783 3704 ille,
1004 3634 1061 3694 11⁰

80 3713 188 3772 Urbani
202 3714 314 3790 qualem
329 3711 460 3787 fugitivus
474 3731 570 3768 scurra
582 3710 705 3767 Catulli:

79 3791 129 3850 Tu
142 3793 227 3851 miser
240 3791 391 3863 exclamas,
406 3799 437 3846 ut
450 3789 581 3846 Stentora
593 3788 705 3846 vincere
717 3788 816 3865 possis,
