2502 4284
180 241 237 304 106
415 239 446 287 Α.
464 237 577 288 pensu
594 235 717 288 xLxccl
735 237 859 288 SATIRA
876 237 923 287 Vl.

177 381 253 440 Ossa
266 381 384 440 inodora
397 380 485 453 dabit,
499 400 550 438 seu
564 381 671 456 spirent
684 381 818 438 cinnama
832 380 959 452 surdum,
1028 393 1031 398 ‘

178 461 238 518 Seu
252 479 349 518 ceraso
362 470 484 535 peccent
497 461 592 531 casiae,
607 460 719 517 nescire
733 471 855 534 paratus.

177 538 265 596 Tune
279 538 355 596 bona
368 537 518 596 incolumis
527 539 672 596 'minuasl’
715 537 752 594 Et
765 536 879 595 Bestius
893 547 975 612 urget

178 615 317 675 Doctores
330 616 448 674 Graios:
471 615 536 674 ‘Ita
550 617 590 687 fit,
604 627 751 691 postquam
765 634 863 690 sapere
874 615 944 672 Urbi

178 695 254 753 Cum
267 695 363 771 pipere
377 706 406 752 et
418 694 518 769 palmis
532 696 608 753 venit
621 706 745 752 vestrum
759 694 815 750 hoc
828 693 914 772 maris
927 712 1046 770 expers:

178 772 336 832 Foenisecae
350 792 446 831 crasso
457 773 591 831 vitiarunt
605 772 731 848 unguine
744 772 857 848 pultes.¹

178 851 252 909 Haec
265 852 361 909 cinere
377 852 491 908 ulterior
504 851 636 908 metuasl
657 860 685 908 at
698 860 739 921 tu,
753 869 833 908 meus
847 851 937 907 haeres

177 929 317 1003 Quisquis
330 930 395 1000 erle,
409 925 525 1004 paulum
540 949 557 986 a
571 928 654 986 turba
668 928 809 987 seductior
824 929 898 985 audi.

178 1005 206 1061 Ο
221 1007 303 1080 bone,
317 1025 386 1064 num
400 1007 533 1082 ignorasl
553 1008 639 1064 missa
651 1018 694 1064 est
708 1026 725 1063 a
738 1006 851 1064 Caesare
866 1007 961 1064 laurus

178 1083 325 1159 Insignem
339 1086 376 1142 ob
389 1086 500 1142 cladem
513 1087 663 1142 Germanae
677 1084 770 1161 pubis,
785 1096 813 1142 et
827 1085 882 1142 aris

178 1161 312 1238 Frigidus
325 1165 466 1222 excutitur
479 1164 552 1222 cinis
565 1184 571 1220 z
593 1182 627 1220 ac
638 1163 697 1238 jam
710 1164 836 1238 postibus
850 1183 938 1235 arma,

178 1240 197 1296 J
199 1260 244 1297 am
259 1242 423 1316 chlamydes
437 1261 546 1318 regum,
558 1243 617 1317 jam
631 1242 708 1299 lutea
721 1259 847 1316 gausapa
860 1243 960 1317 captis,

178 1317 351 1394 Essedaque‚
366 1321 551 1396 ingentesque
561 1322 636 1378 locat
649 1319 780 1378 Caesonia
790 1320 918 1378 Rhenos.

178 1395 233 1454 Dls
246 1398 333 1474 igitur
347 1399 487 1474 genioque
501 1400 583 1456 ducis
594 1410 709 1456 centum
724 1397 811 1472 paria,
825 1398 861 1455 ob
875 1417 920 1455 res
1000 1433 1002 1440 ι

178 1473 302 1552 Egregie
317 1488 420 1552 gestae,
436 1479 548 1535 induco.
590 1477 666 1538 Quis
680 1477 774 1533 vetatl
795 1477 877 1534 aude.

179 1555 241 1626 Vae,
256 1555 311 1612 nisi
325 1557 478 1614 connives!
520 1556 623 1613 Oleum
639 1566 835 1629 artocreasque
849 1555 959 1630 popello

178 1631 303 1707 Largior.
345 1634 394 1690 An
407 1633 561 1709 prohibesl
582 1633 629 1688 dic
643 1630 728 1690 clard.
770 1633 837 1689 Non
852 1635 934 1706 adeo,
944 1633 1038 1709 inquis

177 1707 332 1766 Exossatus
347 1729 414 1785 ager
425 1708 507 1784 juxtd
521 1721 572 1768 est.
614 1712 690 1785 Age,
704 1711 728 1767 si
743 1711 812 1768 mihi
827 1711 907 1770 nulla

177 1786 196 1842 J
198 1806 242 1842 am
258 1787 365 1861 reliqua
377 1806 412 1845 ex
425 1789 528 1859 amitis,
542 1788 677 1863 patruelis
690 1788 778 1860 nulla,
792 1791 935 1866 proneptis

176 1863 265 1922 Nulla
279 1878 374 1922 manet
387 1867 489 1942 patrui,
505 1867 608 1924 sterilis
621 1877 771 1924 matertera
785 1869 862 1938 vixit,

177 1940 278 2018 Deque
291 1944 354 2002 aviis
367 1945 487 2002 nihilum
502 1956 628 2021 superest
641 1965 648 2014 ;
669 1947 776 2004 accedo
791 1947 922 2018 Bovillas,
1126 1949 1168 2004 55

177 2021 345 2096 Clivumque
359 2024 395 2080 ad
409 2023 510 2081 Virbi:
531 2035 633 2100 praesto
646 2033 690 2081 est
702 2025 772 2081 mihi
788 2024 902 2082 Manius
916 2025 1015 2082 heres.

177 2105 185 2130 ‘
201 2099 354 2175 Progenies
368 2112 448 2158 terrae
458 2103 474 2157 l'
495 2101 603 2164 Quaere
617 2122 652 2158 ex
666 2121 721 2173 me,
736 2103 798 2176 quis
811 2103 881 2158 mihi
894 2113 1009 2176 quartus

177 2176 222 2232 Sit
234 2188 331 2252 pater:
353 2179 428 2235 haud
443 2177 582 2255 prompte,
597 2181 690 2237 dicam
705 2191 808 2236 tamen.
850 2181 936 2237 Adde
950 2181 1036 2238 etiam
1049 2199 1152 2254 unum,

175 2253 272 2312 Unum
287 2255 388 2312 etiam:
409 2267 491 2315 terrae
506 2269 548 2315 est
559 2258 617 2331 jam
633 2258 707 2314 filius
720 2277 726 2314 :
747 2256 859 2314 etmihi
873 2259 928 2315 ritu

175 2331 292 2390 Manius
305 2334 353 2391 hic
365 2336 478 2410 generis
492 2333 578 2412 prope
593 2337 681 2412 major
695 2336 852 2394 avunculus
865 2337 931 2393 exit.
1129 2339 1170 2395 60

175 2412 238 2474 Qui
251 2413 326 2488 prior
339 2432 379 2486 es,
394 2432 445 2470 cur
459 2435 505 2471 me
519 2415 549 2472 in
563 2416 686 2472 decursu
700 2415 829 2490 lampada
843 2415 956 2490 poscisl
1035 2455 1038 2462 .

176 2493 247 2548 Sum
262 2492 313 2549 tibi
327 2491 507 2550 Mercurius:
528 2493 610 2552 venio
624 2495 695 2550 deus
710 2494 766 2550 huc
780 2511 842 2568 ego,
858 2503 889 2550 ut
903 2492 949 2550 ille

175 2568 315 2646 Pingitur.
357 2572 406 2627 Au
420 2573 538 2630 renuisl
560 2572 614 2628 vin'
630 2583 661 2628 tu
675 2572 799 2646 gaudere
813 2571 938 2636 relictisl

176 2653 184 2680 ‘
199 2647 289 2704 Deest
302 2648 406 2720 aliquid
421 2668 548 2706 summae.
591 2649 686 2706 Minui
699 2650 788 2706 milri:
810 2650 859 2706 sed
874 2649 925 2706 tibi
938 2659 1028 2706 totum
1042 2651 1104 2722 est,

175 2723 322 2797 Quicquid
337 2725 367 2780 id
381 2736 432 2782 est.
474 2727 531 2782 Ubi
545 2727 590 2796 sit,
607 2727 672 2802 luge
686 2745 822 2800 quaerere,
836 2729 911 2801 quod
925 2727 995 2784 mihi
1007 2728 1153 2802 quondam

175 2800 298 2875 Legalrat
312 2799 440 2858 Tadius:
462 2822 516 2860 nec
530 2803 606 2859 dicta
619 2823 723 2878 repone
736 2815 871 2881 paterna:
1128 2808 1169 2863 66

175 2877 305 2935 Foeneris
319 2880 436 2937 accedat
449 2900 559 2938 merces
571 2901 577 2937 :
599 2882 667 2939 hinc
678 2882 770 2938 exime
782 2892 919 2956 sumptus.

176 2955 276 3018 ‘Quid
285 2957 423 3032 reliquum
435 2970 478 3018 est
488 2961 508 3016 l'
544 2960 719 3036 Reliquuml
734 2979 811 3017 nunc
823 2979 900 3016 nunc
909 2959 1066 3037 impensius
1077 2981 1167 3038 unge,

179 3035 270 3110 Unge,
285 3056 366 3112 puer,
379 3038 486 3097 caules.
528 3037 603 3097 Mihi
618 3039 690 3097 festa
703 3039 767 3096 luce
782 3050 916 3112 coquatur

175 3111 284 3187 Urtica,
298 3127 327 3173 et
340 3116 406 3174 lissa
421 3119 561 3176 fumosum
575 3119 699 3195 sinciput
712 3119 797 3176 aurel
809 3115 826 3150 *
838 3116 854 3150 *
867 3115 884 3150 *
896 3115 913 3150 *
926 3115 943 3150 *
1125 3117 1165 3174 70

215 3193 317 3250 Vende
331 3197 456 3252 animam
469 3196 548 3254 lucro
563 3215 569 3252 :
590 3215 726 3267 mercare,
742 3207 825 3269 atque
839 3204 940 3251 excute
954 3193 1042 3252 solers

175 3269 271 3326 Omne
284 3270 357 3326 latus
370 3272 480 3340 mundi,
494 3291 531 3326 ne
545 3272 582 3328 sit
595 3274 769 3345 prestantior
783 3273 852 3328 alter

176 3345 361 3420 Cappadocas
375 3346 466 3420 rigida
479 3346 600 3420 pingues
613 3347 751 3420 plausisse
765 3346 881 3404 catasta.

176 3423 254 3483 Rem
268 3423 390 3498 duplica.
431 3421 518 3480 Feci:
535 3423 597 3498 jam
611 3424 721 3498 triplex,
733 3425 792 3498 jam
805 3423 876 3480 mihi
889 3423 1001 3500 quanti,

176 3501 243 3560 Jam
256 3502 351 3561 decies
365 3501 438 3560 redit
451 3501 481 3559 in
495 3520 602 3578 rugam.
644 3501 795 3578 Depunge,
809 3502 858 3560 ubi
873 3502 979 3578 sistam,
1128 3507 1167 3564 75

176 3578 324 3656 Inventus,
338 3577 505 3660 Chrysippe,
518 3581 560 3640 tui
574 3581 666 3642 finitor
681 3582 782 3640 acervi.
