2494 4274
515 211 640 260 SATIRA
657 209 693 260 11.

82 359 88 392 ¹
109 351 273 424 Infremuit,
288 352 371 410 rubet
385 351 505 423 auditor,
520 351 568 410 cui
581 353 685 428 frigida
697 371 778 410 meus
792 360 837 410 est

78 434 81 450 '
107 431 293 502 Criminibus,
310 430 399 488 taciti
413 430 516 486 sudant
528 431 685 504 precordia
697 430 792 506 culpi.

107 506 181 566 Inde
198 509 258 581 irae,
271 518 300 566 et
313 509 455 582 lacrymae.
497 507 610 566 Tecum
623 507 703 585 priris
716 506 786 586 ergd
797 507 895 568 voluta

108 587 182 643 Haec
196 588 293 644 animo
306 598 372 644 ante
386 587 486 642 tubas:
507 586 647 661 galeatum
663 584 727 645 serd
742 587 830 646 duelli
1043 585 1100 646 lto

107 665 240 722 Poenitet.
282 665 429 740 Experiar,
445 665 512 738 quid
527 667 701 722 concedatur
717 665 747 722 in
762 665 834 737 illos,

105 743 240 804 Quorum
255 741 398 801 Flaminii
412 743 516 818 tegitur
530 743 604 800 cinis
617 755 702 818 atque
716 713 897 802 Latina-3

978 1089 991 1116 ve·
1008 1063 1091 1124 catil

1005 1162 1030 1176 ..,
1049 1141 1096 1176 ..w

147 1214 254 1272 Uasaa
268 1213 450 1272 Sauromatas
464 1215 561 1292 lugere
574 1215 643 1274 hinc
656 1217 727 1275 libet
740 1226 769 1276 et
781 1216 931 1294 glacialem
1028 1245 1033 1276 a
1050 1231 1074 1275 ..ἓ
1088 1193 1103 1288 l

4 1321 5 1326 κ
107 1293 271 1363 Oceanum,
284 1293 394 1367 quoties
408 1295 514 1368 aliquid
530 1296 565 1352 dc
580 1295 706 1354 moribus
720 1297 838 1370 audent,
1003 1319 1019 1340 ,·
1041 1311 1056 1328 ¹¹

107 1372 170 1434 Qui
185 1370 287 1429 Curios
300 1372 443 1443 simulant,
457 1382 486 1429 et
499 1373 691 1431 Bacchanalia
704 1375 809 1432 vivunt.

109 1449 223 1507 Indocti
236 1448 360 1524 primdm
373 1470 380 1520 ς
401 1468 562 1524 quanquam
575 1451 661 1524 plena
673 1453 770 1508 omnia
783 1471 871 1527 gypso

109 1529 260 1603 Chrysippi
274 1529 410 1587 invenias.
439 1527 517 1586 Nam
530 1529 752 1603 perfectissimus
765 1531 865 1588 borum
879 1538 932 1602 est,
1076 1528 1098 1586 b

108 1607 141 1664 Si
156 1607 218 1682 quis
232 1607 417 1664 Aristotelem
430 1606 551 1664 similem
565 1606 609 1664 vol
622 1607 753 1667 Pittacon
767 1608 845 1680 emit,

108 1685 147 1742 Et
158 1685 238 1760 jubet
251 1686 418 1760 archetypos
431 1685 558 1760 pluteum
572 1705 684 1744 servare
696 1687 858 1745 Cleanthas.

108 1763 208 1820 Fronti
223 1764 302 1820 nulla
315 1764 394 1821 fides.
435 1764 511 1826 Quis
525 1763 602 1822 enirn
616 1785 674 1824 non
688 1766 768 1823 vicus
781 1765 909 1824 abundat

109 1841 256 1898 Tristibus
268 1843 429 1900 obscoenisl
471 1843 601 1919 Castigas
615 1845 708 1920 turpia
716 1845 769 1901 l-

107 1919 279 1996 loripedem
292 1932 386 1978 rectus
400 1921 536 1992 derideat,
551 1922 715 1998 AEthiopem
729 1923 818 1980 albus.

107 1998 185 2060 Quis
198 1998 295 2056 tulerit
307 2000 454 2062 Gracchos
469 2001 505 2056 de
519 2001 657 2058 seditione
671 2001 845 2075 querentesl

106 2078 185 2138 Quis
199 2077 303 2134 ooelum
317 2079 399 2135 terris
408 2098 465 2135 non
480 2079 606 2151 misceat,
621 2091 650 2136 et
662 2097 741 2137 mare
754 2079 836 2152 coelo,

108 2156 141 2212 Si
156 2156 199 2212 fur
214 2156 362 2230 displiceat
375 2157 479 2214 Verril
500 2159 642 2217 homicida
655 2157 779 2216 Milonil

107 2234 227 2292 Clodius
240 2246 355 2292 accuset
369 2237 513 2295 moechosl
553 2237 677 2295 Catilina
690 2236 871 2314 Cetheguml

108 2313 144 2370 In
158 2313 284 2370 tabulam
299 2313 385 2372 Sullae
399 2315 423 2372 si
437 2315 534 2372 dicant
547 2316 678 2390 discipuli
692 2317 766 2372 tresl

3 2449 5 2460 ,
105 2391 211 2453 Qualis
225 2401 285 2448 erat
298 2411 388 2466 nuper
402 2395 510 2467 tragico
522 2395 645 2468 polutus
658 2393 768 2450 adulter

3 2465 5 2524 ἶ
74 2499 84 2542 4
107 2469 283 2542 Concubitu,
297 2471 345 2544 qui
359 2481 428 2528 tunc
441 2472 520 2546 leges
533 2473 681 2528 revocabat
694 2489 804 2527 amaras

106 2549 260 2620 Omnibus,
275 2559 357 2622 atque
371 2549 439 2624 ipsis
453 2549 559 2606 Veneri
574 2547 715 2622 Martique
728 2547 919 2604 timendas·-

107 2625 215 2684 Nonne
230 2626 315 2702 igitur
327 2627 389 2701 jure
403 2647 438 2692 ao
451 2628 552 2686 merito
565 2627 631 2684 vitia
645 2627 744 2684 ultima
758 2625 838 2684 fictos
860 2691 872 2712 .

106 2705 305 2762 Contemnunt
320 2705 453 2778 Scauros,
468 2718 497 2764 et
510 2706 646 2782 castigata
660 2706 844 2762 remordenti
1053 2703 1094 2763 Sil

147 2783 215 2840 Non
230 2783 293 2840 tulit
306 2803 342 2842 ex
356 2784 410 2844 illis
424 2797 531 2842 torvum
546 2783 692 2842 Lauronia
704 2783 863 2858 quendam·
1078 2790 1081 2796 '

99 2859 287 2918 ‘Clementem
300 2862 400 2920 toties:
421 2862 476 2920 Ubi
490 2881 568 2920 nuno
581 2862 628 2920 lex
641 2860 738 2918 Julial
759 2861 885 2918 dormisl
971 2933 973 2938 ,
989 2861 994 2870 '

105 2941 157 2997 Ad
170 2958 255 3014 quem
269 2939 438 2998 subridens:
459 2939 569 2998 Felicia
581 2950 718 3015 tempora,
732 2957 795 3012 quar
808 2941 854 3004 te'·¹

105 3017 238 3075 Moribus
251 3019 411 3094 opponunt!
434 3017 547 3074 Habeat
558 3017 616 3093 jam
631 3017 727 3074 Roma
739 3014 895 3090 pudorem!

105 3095 226 3153 Tertius
239 3116 255 3153 e
269 3096 341 3154 coelo
355 3095 460 3152 cecidit
473 3095 554 3150 (leto.
597 3095 655 3150 Sed
669 3105 765 3148 tamen
779 3093 857 3148 unde
1051 3089 1094 3148 25

106 3175 182 3234 Haee
195 3168 276 3245 e'mis,
291 3173 400 3230 hirsuto
414 3171 522 3246 spirant
533 3169 714 3245 opobalsama
727 3167 800 3227 collo

104 3253 184 3314 Quae
197 3250 268 3308 tibil
308 3249 357 3307 Ne
370 3250 476 3325 pudeat
488 3248 635 3308 dominum
650 3259 806 3308 monstrare
819 3245 954 3307 taberne.

104 3327 197 3392 Quod
211 3329 234 3386 si
249 3340 385 3388 vexantur
398 3329 477 3406 leges
490 3347 525 3387 ac
536 3329 610 3406 jura,
624 3329 705 3388 citari
995 3327 1001 3336 ’

104 3409 185 3466 Ante
199 3425 299 3466 omnes
313 3408 399 3466 debet
412 3408 547 3468 Scatinia.
589 3408 715 3485 Respice
728 3403 862 3485 primirm,

105 3485 146 3544 Et
158 3497 286 3544 scrutare
300 3487 390 3545 viros:
411 3487 520 3546 faciunt
534 3487 563 3546 hi
577 3487 657 3562 plura
669 3508 676 3557 ;
697 3487 747 3544 aed
761 3487 823 3544 illos
1052 3477 1093 3538 8⁰

103 3565 245 3624 Defendit
258 3583 405 3636 numerus,
416 3565 578 3642 junctisque
592 3566 715 3622 umbone
728 3563 894 3638 phalanges.

105 3643 216 3720 Magna
230 3643 304 3702 inter
318 3642 416 3700 molles
429 3645 590 3703 concordia.
630 3641 698 3698 Non
712 3640 765 3698 erit
779 3639 868 3698 ullum

104 3721 278 3798 Exemplum
292 3721 322 3780 in
333 3731 430 3834 ceptro
442 3732 500 3780 tam
513 3719 679 3798 detestabile
691 3738 811 3782 sexu.—
