<?xml version="1.0" encoding="UTF-8"?>
<!DOCTYPE html PUBLIC "-//W3C//DTD XHTML 1.0 Transitional//EN"
    "http://www.w3.org/TR/xhtml1/DTD/xhtml1-transitional.dtd">
<html xmlns="http://www.w3.org/1999/xhtml" xml:lang="en" lang="en">
 <head>
  <title>
</title>
<meta http-equiv="Content-Type" content="text/html;charset=utf-8" />
  <meta name='ocr-system' content='tesseract 3.04.00' />
  <meta name='ocr-capabilities' content='ocr_page ocr_carea ocr_par ocr_line ocrx_word'/>
</head>
<body>
  <div class='ocr_page' id='page_1' title='image "./decimijuniijuve02levegoog_0036.png"; bbox 0 0 2494 4274; ppageno 0'>
   <div class='ocr_carea' id='block_1_1' title="bbox 478 265 666 314">
    <p class='ocr_par' dir='ltr' id='par_1_1' title="bbox 478 265 666 314">
     <span class='ocr_line' id='line_1_1' title="bbox 478 265 666 314; baseline -0.011 0"><span class='ocrx_word' id='word_1_1' title='bbox 478 265 602 314; x_wconf 73' lang='lat' dir='ltr'><strong>suman</strong></span> <span class='ocrx_word' id='word_1_2' title='bbox 619 265 666 313; x_wconf 79' lang='lat' dir='ltr'><strong>Vl.</strong></span> 
     </span>
    </p>
   </div>
   <div class='ocr_carea' id='block_1_2' title="bbox 82 406 1079 3860">
    <p class='ocr_par' dir='ltr' id='par_1_2' title="bbox 82 406 1079 3860">
     <span class='ocr_line' id='line_1_2' title="bbox 86 406 887 484; baseline -0.001 -18"><span class='ocrx_word' id='word_1_3' title='bbox 86 406 225 479; x_wconf 84' lang='lat' dir='ltr'><strong>Pastores,</strong></span> <span class='ocrx_word' id='word_1_4' title='bbox 239 418 364 465; x_wconf 75' lang='lat' dir='ltr'><strong>etonem</strong></span> <span class='ocrx_word' id='word_1_5' title='bbox 379 407 566 480; x_wconf 78' lang='lat' dir='ltr'>Canusinam,</span> <span class='ocrx_word' id='word_1_6' title='bbox 581 409 728 484; x_wconf 88' lang='lat' dir='ltr'><strong>ulmosque</strong></span> <span class='ocrx_word' id='word_1_7' title='bbox 742 407 887 466; x_wconf 75' lang='lat' dir='ltr'><strong>Falernus.</strong></span> 
     </span>
     <span class='ocr_line' id='line_1_3' title="bbox 83 486 883 563; baseline -0.005 -15"><span class='ocrx_word' id='word_1_8' title='bbox 83 486 266 548; x_wconf 77' lang='lat' dir='ltr'><strong>Quantulum</strong></span> <span class='ocrx_word' id='word_1_9' title='bbox 281 487 310 543; x_wconf 90' lang='lat' dir='ltr'><strong>in</strong></span> <span class='ocrx_word' id='word_1_10' title='bbox 324 487 401 544; x_wconf 86' lang='lat' dir='ltr'><strong>hool</strong></span> <span class='ocrx_word' id='word_1_11' title='bbox 421 505 524 562; x_wconf 89' lang='lat' dir='ltr'><strong>pueros</strong></span> <span class='ocrx_word' id='word_1_12' title='bbox 536 506 645 558; x_wconf 88' lang='lat' dir='ltr'><strong>omnes,</strong></span> <span class='ocrx_word' id='word_1_13' title='bbox 659 487 802 563; x_wconf 86' lang='lat' dir='ltr'><strong>ergastula</strong></span> <span class='ocrx_word' id='word_1_14' title='bbox 815 497 883 558; x_wconf 81' lang='lat' dir='ltr'><strong>tots,</strong></span> 
     </span>
     <span class='ocr_line' id='line_1_4' title="bbox 82 565 1075 640; baseline -0.001 -14"><span class='ocrx_word' id='word_1_15' title='bbox 82 565 227 640; x_wconf 82' lang='lat' dir='ltr'><strong>Quodque</strong></span> <span class='ocrx_word' id='word_1_16' title='bbox 242 565 318 622; x_wconf 91' lang='lat' dir='ltr'><strong>domi</strong></span> <span class='ocrx_word' id='word_1_17' title='bbox 333 576 456 636; x_wconf 91' lang='lat' dir='ltr'><strong>nonest,</strong></span> <span class='ocrx_word' id='word_1_18' title='bbox 471 580 501 622; x_wconf 88' lang='lat' dir='ltr'><strong>et</strong></span> <span class='ocrx_word' id='word_1_19' title='bbox 514 566 598 622; x_wconf 90' lang='lat' dir='ltr'><strong>habet</strong></span> <span class='ocrx_word' id='word_1_20' title='bbox 611 566 731 637; x_wconf 83' lang='lat' dir='ltr'><strong>vicinus,</strong></span> <span class='ocrx_word' id='word_1_21' title='bbox 746 577 865 624; x_wconf 88' lang='lat' dir='ltr'><strong>ematur.</strong></span> <span class='ocrx_word' id='word_1_22' title='bbox 1019 565 1075 625; x_wconf 79' lang='lat'><strong>115</strong></span> 
     </span>
     <span class='ocr_line' id='line_1_5' title="bbox 82 643 838 719; baseline 0 -18"><span class='ocrx_word' id='word_1_23' title='bbox 82 644 187 702; x_wconf 88' lang='lat' dir='ltr'><strong>Mense</strong></span> <span class='ocrx_word' id='word_1_24' title='bbox 201 643 317 718; x_wconf 90' lang='lat' dir='ltr'><strong>quidem</strong></span> <span class='ocrx_word' id='word_1_25' title='bbox 332 644 448 714; x_wconf 83' lang='lat' dir='ltr'><strong>brumae,</strong></span> <span class='ocrx_word' id='word_1_26' title='bbox 460 662 516 718; x_wconf 94' lang='lat' dir='ltr'><strong>quo</strong></span> <span class='ocrx_word' id='word_1_27' title='bbox 526 644 585 719; x_wconf 85' lang='lat' dir='ltr'><strong>jam</strong></span> <span class='ocrx_word' id='word_1_28' title='bbox 599 656 738 701; x_wconf 87' lang='lat' dir='ltr'><strong>mercator</strong></span> <span class='ocrx_word' id='word_1_29' title='bbox 752 643 838 702; x_wconf 89' lang='lat' dir='ltr'><strong>lason</strong></span> 
     </span>
     <span class='ocr_line' id='line_1_6' title="bbox 82 722 832 795; baseline 0 -15"><span class='ocrx_word' id='word_1_30' title='bbox 82 722 217 793; x_wconf 83' lang='lat' dir='ltr'><strong>Clausus,</strong></span> <span class='ocrx_word' id='word_1_31' title='bbox 231 733 261 778; x_wconf 90' lang='lat' dir='ltr'><strong>et</strong></span> <span class='ocrx_word' id='word_1_32' title='bbox 275 723 389 779; x_wconf 88' lang='lat' dir='ltr'><strong>armatis</strong></span> <span class='ocrx_word' id='word_1_33' title='bbox 402 723 496 779; x_wconf 82' lang='lat' dir='ltr'><strong>obstat</strong></span> <span class='ocrx_word' id='word_1_34' title='bbox 509 741 578 780; x_wconf 87' lang='lat' dir='ltr'><strong>casa</strong></span> <span class='ocrx_word' id='word_1_35' title='bbox 591 723 714 779; x_wconf 89' lang='lat' dir='ltr'><strong>osndida</strong></span> <span class='ocrx_word' id='word_1_36' title='bbox 728 723 832 795; x_wconf 85' lang='lat' dir='ltr'><strong>nautis,</strong></span> 
     </span>
     <span class='ocr_line' id='line_1_7' title="bbox 82 800 799 874; baseline 0.001 -16"><span class='ocrx_word' id='word_1_37' title='bbox 82 801 213 858; x_wconf 87' lang='lat' dir='ltr'><strong>Grandia</strong></span> <span class='ocrx_word' id='word_1_38' title='bbox 227 801 364 858; x_wconf 90' lang='lat' dir='ltr'><strong>tolluntur</strong></span> <span class='ocrx_word' id='word_1_39' title='bbox 378 800 550 874; x_wconf 81' lang='lat' dir='ltr'><strong>crystallina,</strong></span> <span class='ocrx_word' id='word_1_40' title='bbox 565 800 689 858; x_wconf 80' lang='lat' dir='ltr'><strong>maxima</strong></span> <span class='ocrx_word' id='word_1_41' title='bbox 702 819 799 859; x_wconf 89' lang='lat' dir='ltr'><strong>rursus</strong></span> 
     </span>
     <span class='ocr_line' id='line_1_8' title="bbox 82 878 894 950; baseline 0.004 -14"><span class='ocrx_word' id='word_1_42' title='bbox 82 878 246 949; x_wconf 86' lang='lat' dir='ltr'><strong>Murrhina,</strong></span> <span class='ocrx_word' id='word_1_43' title='bbox 261 878 365 936; x_wconf 90' lang='lat' dir='ltr'><strong>deinde</strong></span> <span class='ocrx_word' id='word_1_44' title='bbox 380 880 495 936; x_wconf 86' lang='lat' dir='ltr'><strong>adamas</strong></span> <span class='ocrx_word' id='word_1_45' title='bbox 509 879 608 937; x_wconf 91' lang='lat' dir='ltr'><strong>notissi</strong></span> <span class='ocrx_word' id='word_1_46' title='bbox 640 897 682 950; x_wconf 90' lang='lat' dir='ltr'><strong>us,</strong></span> <span class='ocrx_word' id='word_1_47' title='bbox 696 889 726 936; x_wconf 90' lang='lat' dir='ltr'><strong>et</strong></span> <span class='ocrx_word' id='word_1_48' title='bbox 740 879 894 940; x_wconf 85' lang='lat' dir='ltr'><strong>Beronices</strong></span> 
     </span>
     <span class='ocr_line' id='line_1_9' title="bbox 82 956 1075 1033; baseline 0.004 -19"><span class='ocrx_word' id='word_1_49' title='bbox 82 956 118 1015; x_wconf 94' lang='lat' dir='ltr'><strong>In</strong></span> <span class='ocrx_word' id='word_1_50' title='bbox 132 957 224 1033; x_wconf 83' lang='lat' dir='ltr'>digito</span> <span class='ocrx_word' id='word_1_51' title='bbox 238 958 332 1014; x_wconf 84' lang='lat' dir='ltr'><strong>factus</strong></span> <span class='ocrx_word' id='word_1_52' title='bbox 345 957 511 1033; x_wconf 78' lang='lat' dir='ltr'><strong>pretiosior:</strong></span> <span class='ocrx_word' id='word_1_53' title='bbox 533 959 611 1015; x_wconf 95' lang='lat' dir='ltr'><strong>hunc</strong></span> <span class='ocrx_word' id='word_1_54' title='bbox 644 958 703 1015; x_wconf 91' lang='lat' dir='ltr'><strong>edit</strong></span> <span class='ocrx_word' id='word_1_55' title='bbox 716 958 784 1020; x_wconf 88' lang='lat' dir='ltr'><strong>olim</strong></span> <span class='ocrx_word' id='word_1_56' title='bbox 1017 959 1075 1019; x_wconf 78' lang='lat' dir='ltr'><strong>mo</strong></span> 
     </span>
     <span class='ocr_line' id='line_1_10' title="bbox 82 1036 806 1112; baseline 0 -18"><span class='ocrx_word' id='word_1_57' title='bbox 82 1037 226 1094; x_wconf 87' lang='lat' dir='ltr'><strong>Barbarus</strong></span> <span class='ocrx_word' id='word_1_58' title='bbox 240 1036 367 1106; x_wconf 72' lang='lat' dir='ltr'><strong>incestu,</strong></span> <span class='ocrx_word' id='word_1_59' title='bbox 381 1036 461 1094; x_wconf 84' lang='lat' dir='ltr'><strong>dedit</strong></span> <span class='ocrx_word' id='word_1_60' title='bbox 474 1037 552 1094; x_wconf 93' lang='lat' dir='ltr'><strong>hunc</strong></span> <span class='ocrx_word' id='word_1_61' title='bbox 567 1038 696 1112; x_wconf 82' lang='lat' dir='ltr'><strong>Agrippa</strong></span> <span class='ocrx_word' id='word_1_62' title='bbox 709 1038 806 1109; x_wconf 90' lang='lat' dir='ltr'><strong>sorori,</strong></span> 
     </span>
     <span class='ocr_line' id='line_1_11' title="bbox 82 1113 809 1192; baseline 0.001 -20"><span class='ocrx_word' id='word_1_63' title='bbox 82 1115 247 1172; x_wconf 85' lang='lat' dir='ltr'><strong>Observant</strong></span> <span class='ocrx_word' id='word_1_64' title='bbox 260 1113 309 1170; x_wconf 94' lang='lat' dir='ltr'><strong>ubi</strong></span> <span class='ocrx_word' id='word_1_65' title='bbox 324 1114 395 1172; x_wconf 84' lang='lat' dir='ltr'><strong>festa</strong></span> <span class='ocrx_word' id='word_1_66' title='bbox 408 1132 487 1173; x_wconf 89' lang='lat' dir='ltr'><strong>mero</strong></span> <span class='ocrx_word' id='word_1_67' title='bbox 500 1116 572 1190; x_wconf 88' lang='lat' dir='ltr'><strong>pede</strong></span> <span class='ocrx_word' id='word_1_68' title='bbox 586 1117 704 1172; x_wconf 89' lang='lat' dir='ltr'><strong>sabbata</strong></span> <span class='ocrx_word' id='word_1_69' title='bbox 716 1135 809 1192; x_wconf 85' lang='lat' dir='ltr'><strong>reges,</strong></span> 
     </span>
     <span class='ocr_line' id='line_1_12' title="bbox 82 1192 768 1270; baseline 0 -20"><span class='ocrx_word' id='word_1_70' title='bbox 82 1192 121 1250; x_wconf 84' lang='lat' dir='ltr'><strong>Et</strong></span> <span class='ocrx_word' id='word_1_71' title='bbox 134 1205 216 1250; x_wconf 85' lang='lat' dir='ltr'><strong>vetus</strong></span> <span class='ocrx_word' id='word_1_72' title='bbox 230 1193 359 1268; x_wconf 84' lang='lat' dir='ltr'><strong>indulget</strong></span> <span class='ocrx_word' id='word_1_73' title='bbox 372 1193 489 1250; x_wconf 91' lang='lat' dir='ltr'><strong>senibus</strong></span> <span class='ocrx_word' id='word_1_74' title='bbox 503 1193 654 1252; x_wconf 88' lang='lat' dir='ltr'><strong>elementia</strong></span> <span class='ocrx_word' id='word_1_75' title='bbox 667 1195 768 1270; x_wconf 86' lang='lat' dir='ltr'><strong>porcis.</strong></span> 
     </span>
     <span class='ocr_line' id='line_1_13' title="bbox 122 1271 862 1348; baseline 0.003 -20"><span class='ocrx_word' id='word_1_76' title='bbox 122 1271 250 1328; x_wconf 88' lang='lat' dir='ltr'><strong>Nullane</strong></span> <span class='ocrx_word' id='word_1_77' title='bbox 265 1271 301 1327; x_wconf 86' lang='lat' dir='ltr'><strong>de</strong></span> <span class='ocrx_word' id='word_1_78' title='bbox 315 1271 401 1328; x_wconf 85' lang='lat' dir='ltr'><strong>tantis</strong></span> <span class='ocrx_word' id='word_1_79' title='bbox 414 1272 549 1348; x_wconf 84' lang='lat' dir='ltr'><strong>gregibus</strong></span> <span class='ocrx_word' id='word_1_80' title='bbox 563 1273 614 1329; x_wconf 91' lang='lat' dir='ltr'><strong>tibi</strong></span> <span class='ocrx_word' id='word_1_81' title='bbox 628 1273 717 1348; x_wconf 89' lang='lat' dir='ltr'><strong>digna</strong></span> <span class='ocrx_word' id='word_1_82' title='bbox 731 1272 862 1331; x_wconf 85' lang='lat' dir='ltr'><strong>videturl</strong></span> 
     </span>
     <span class='ocr_line' id='line_1_14' title="bbox 84 1350 1074 1422; baseline 0.006 -16"><span class='ocrx_word' id='word_1_83' title='bbox 84 1350 130 1407; x_wconf 85' lang='lat' dir='ltr'><strong>Sit</strong></span> <span class='ocrx_word' id='word_1_84' title='bbox 143 1351 276 1420; x_wconf 82' lang='lat' dir='ltr'><strong>formosa,</strong></span> <span class='ocrx_word' id='word_1_85' title='bbox 291 1350 408 1421; x_wconf 87' lang='lat' dir='ltr'><strong>decens,</strong></span> <span class='ocrx_word' id='word_1_86' title='bbox 421 1351 510 1420; x_wconf 90' lang='lat' dir='ltr'><strong>dives,</strong></span> <span class='ocrx_word' id='word_1_87' title='bbox 526 1351 669 1422; x_wconf 77' lang='lat' dir='ltr'><strong>foecunda,</strong></span> <span class='ocrx_word' id='word_1_88' title='bbox 684 1363 808 1410; x_wconf 85' lang='lat' dir='ltr'><strong>vetustos</strong></span> <span class='ocrx_word' id='word_1_89' title='bbox 1017 1352 1074 1413; x_wconf 76' lang='lat'><strong>125</strong></span> 
     </span>
     <span class='ocr_line' id='line_1_15' title="bbox 84 1428 719 1504; baseline -0.003 -18"><span class='ocrx_word' id='word_1_90' title='bbox 84 1428 248 1486; x_wconf 90' lang='lat' dir='ltr'><strong>Porticibus</strong></span> <span class='ocrx_word' id='word_1_91' title='bbox 261 1428 393 1504; x_wconf 89' lang='lat' dir='ltr'><strong>disponat</strong></span> <span class='ocrx_word' id='word_1_92' title='bbox 406 1447 482 1499; x_wconf 85' lang='lat' dir='ltr'><strong>avos,</strong></span> <span class='ocrx_word' id='word_1_93' title='bbox 496 1429 627 1485; x_wconf 89' lang='lat' dir='ltr'><strong>intactior</strong></span> <span class='ocrx_word' id='word_1_94' title='bbox 641 1430 719 1484; x_wconf 91' lang='lat' dir='ltr'><strong>omni</strong></span> 
     </span>
     <span class='ocr_line' id='line_1_16' title="bbox 83 1506 758 1564; baseline -0.001 0"><span class='ocrx_word' id='word_1_95' title='bbox 83 1506 221 1564; x_wconf 87' lang='lat' dir='ltr'><strong>Crinibus</strong></span> <span class='ocrx_word' id='word_1_96' title='bbox 235 1506 332 1563; x_wconf 82' lang='lat' dir='ltr'><strong>effusis</strong></span> <span class='ocrx_word' id='word_1_97' title='bbox 348 1506 454 1562; x_wconf 91' lang='lat' dir='ltr'><strong>bellum</strong></span> <span class='ocrx_word' id='word_1_98' title='bbox 468 1506 618 1563; x_wconf 87' lang='lat' dir='ltr'><strong>dirimente</strong></span> <span class='ocrx_word' id='word_1_99' title='bbox 633 1506 758 1563; x_wconf 73' lang='lat' dir='ltr'><strong>Sabina:</strong></span> 
     </span>
     <span class='ocr_line' id='line_1_17' title="bbox 85 1584 822 1665; baseline 0.003 -23"><span class='ocrx_word' id='word_1_100' title='bbox 85 1585 181 1662; x_wconf 81' lang='lat' dir='ltr'><strong>(Rara</strong></span> <span class='ocrx_word' id='word_1_101' title='bbox 195 1585 254 1642; x_wconf 88' lang='lat' dir='ltr'><strong>avis</strong></span> <span class='ocrx_word' id='word_1_102' title='bbox 268 1585 298 1643; x_wconf 90' lang='lat' dir='ltr'><strong>in</strong></span> <span class='ocrx_word' id='word_1_103' title='bbox 312 1585 394 1642; x_wconf 89' lang='lat' dir='ltr'><strong>terris</strong></span> <span class='ocrx_word' id='word_1_104' title='bbox 408 1586 545 1660; x_wconf 87' lang='lat' dir='ltr'><strong>nigroque</strong></span> <span class='ocrx_word' id='word_1_105' title='bbox 559 1584 703 1642; x_wconf 89' lang='lat' dir='ltr'><strong>simillima</strong></span> <span class='ocrx_word' id='word_1_106' title='bbox 716 1585 822 1665; x_wconf 88' lang='lat' dir='ltr'><strong>cycno)</strong></span> 
     </span>
     <span class='ocr_line' id='line_1_18' title="bbox 82 1662 836 1738; baseline 0.004 -17"><span class='ocrx_word' id='word_1_107' title='bbox 82 1663 160 1727; x_wconf 78' lang='lat' dir='ltr'><strong>Quis</strong></span> <span class='ocrx_word' id='word_1_108' title='bbox 175 1665 246 1721; x_wconf 85' lang='lat' dir='ltr'><strong>seret</strong></span> <span class='ocrx_word' id='word_1_109' title='bbox 259 1681 387 1735; x_wconf 84' lang='lat' dir='ltr'><strong>uxorem,</strong></span> <span class='ocrx_word' id='word_1_110' title='bbox 401 1665 449 1720; x_wconf 90' lang='lat' dir='ltr'><strong>oui</strong></span> <span class='ocrx_word' id='word_1_111' title='bbox 463 1674 596 1721; x_wconf 87' lang='lat' dir='ltr'><strong>constant</strong></span> <span class='ocrx_word' id='word_1_112' title='bbox 608 1663 726 1722; x_wconf 86' lang='lat' dir='ltr'><strong>omnial</strong></span> <span class='ocrx_word' id='word_1_113' title='bbox 747 1662 836 1738; x_wconf 79' lang='lat' dir='ltr'><strong>Melo,</strong></span> 
     </span>
     <span class='ocr_line' id='line_1_19' title="bbox 83 1740 1075 1818; baseline 0.001 -18"><span class='ocrx_word' id='word_1_114' title='bbox 83 1742 164 1801; x_wconf 90' lang='lat' dir='ltr'><strong>Malo</strong></span> <span class='ocrx_word' id='word_1_115' title='bbox 179 1742 368 1814; x_wconf 76' lang='lat' dir='ltr'><strong>Venusinam,</strong></span> <span class='ocrx_word' id='word_1_116' title='bbox 378 1740 464 1818; x_wconf 80' lang='lat' dir='ltr'><strong>quhm</strong></span> <span class='ocrx_word' id='word_1_117' title='bbox 478 1753 516 1812; x_wconf 88' lang='lat' dir='ltr'><strong>te,</strong></span> <span class='ocrx_word' id='word_1_118' title='bbox 531 1741 675 1814; x_wconf 85' lang='lat' dir='ltr'><strong>Cornelia,</strong></span> <span class='ocrx_word' id='word_1_119' title='bbox 690 1753 780 1800; x_wconf 85' lang='lat' dir='ltr'><strong>mater</strong></span> <span class='ocrx_word' id='word_1_120' title='bbox 1018 1741 1075 1801; x_wconf 80' lang='grc'><strong>130</strong></span> 
     </span>
     <span class='ocr_line' id='line_1_20' title="bbox 83 1820 799 1896; baseline 0.001 -17"><span class='ocrx_word' id='word_1_121' title='bbox 83 1822 291 1892; x_wconf 76' lang='lat' dir='ltr'><strong>Gracchorum,</strong></span> <span class='ocrx_word' id='word_1_122' title='bbox 307 1820 331 1878; x_wconf 90' lang='lat' dir='ltr'><strong>si</strong></span> <span class='ocrx_word' id='word_1_123' title='bbox 345 1839 412 1878; x_wconf 92' lang='lat' dir='ltr'><strong>cum</strong></span> <span class='ocrx_word' id='word_1_124' title='bbox 426 1821 538 1896; x_wconf 88' lang='lat' dir='ltr'><strong>magnis</strong></span> <span class='ocrx_word' id='word_1_125' title='bbox 551 1821 702 1879; x_wconf 84' lang='lat' dir='ltr'><strong>virtutibus</strong></span> <span class='ocrx_word' id='word_1_126' title='bbox 715 1821 799 1880; x_wconf 83' lang='lat' dir='ltr'><strong>affers</strong></span> 
     </span>
     <span class='ocr_line' id='line_1_21' title="bbox 83 1898 906 1976; baseline 0 -18"><span class='ocrx_word' id='word_1_127' title='bbox 83 1901 202 1958; x_wconf 86' lang='lat' dir='ltr'><strong>Grande</strong></span> <span class='ocrx_word' id='word_1_128' title='bbox 216 1898 411 1975; x_wconf 75' lang='lat' dir='ltr'><strong>supersilium,</strong></span> <span class='ocrx_word' id='word_1_129' title='bbox 425 1910 453 1957; x_wconf 90' lang='lat' dir='ltr'><strong>et</strong></span> <span class='ocrx_word' id='word_1_130' title='bbox 468 1918 602 1957; x_wconf 85' lang='lat' dir='ltr'><strong>numeras</strong></span> <span class='ocrx_word' id='word_1_131' title='bbox 616 1899 646 1957; x_wconf 94' lang='lat' dir='ltr'><strong>in</strong></span> <span class='ocrx_word' id='word_1_132' title='bbox 660 1901 726 1957; x_wconf 89' lang='lat' dir='ltr'><strong>dote</strong></span> <span class='ocrx_word' id='word_1_133' title='bbox 739 1901 906 1976; x_wconf 86' lang='lat' dir='ltr'><strong>triumphos.</strong></span> 
     </span>
     <span class='ocr_line' id='line_1_22' title="bbox 84 1978 974 2055; baseline 0 -19"><span class='ocrx_word' id='word_1_134' title='bbox 84 1979 171 2038; x_wconf 83' lang='lat' dir='ltr'><strong>Tolle</strong></span> <span class='ocrx_word' id='word_1_135' title='bbox 185 1988 278 2049; x_wconf 89' lang='lat' dir='ltr'><strong>tuum,</strong></span> <span class='ocrx_word' id='word_1_136' title='bbox 291 1997 401 2054; x_wconf 91' lang='lat' dir='ltr'><strong>precor,</strong></span> <span class='ocrx_word' id='word_1_137' title='bbox 416 1978 620 2049; x_wconf 90' lang='lat' dir='ltr'><strong>Hannibalem,</strong></span> <span class='ocrx_word' id='word_1_138' title='bbox 634 1978 797 2054; x_wconf 85' lang='lat' dir='ltr'><strong>victumque</strong></span> <span class='ocrx_word' id='word_1_139' title='bbox 812 1979 974 2055; x_wconf 80' lang='lat' dir='ltr'><strong>Syphacem</strong></span> 
     </span>
     <span class='ocr_line' id='line_1_23' title="bbox 83 2056 746 2132; baseline -0.005 -17"><span class='ocrx_word' id='word_1_140' title='bbox 83 2057 120 2115; x_wconf 92' lang='lat' dir='ltr'><strong>In</strong></span> <span class='ocrx_word' id='word_1_141' title='bbox 135 2057 248 2129; x_wconf 89' lang='lat' dir='ltr'><strong>castris,</strong></span> <span class='ocrx_word' id='word_1_142' title='bbox 262 2067 372 2114; x_wconf 89' lang='lat' dir='ltr'><strong>etcum</strong></span> <span class='ocrx_word' id='word_1_143' title='bbox 385 2057 445 2114; x_wconf 73' lang='lat' dir='ltr'><strong>toti</strong></span> <span class='ocrx_word' id='word_1_144' title='bbox 458 2056 634 2131; x_wconf 85' lang='lat' dir='ltr'><strong>Carthagine</strong></span> <span class='ocrx_word' id='word_1_145' title='bbox 648 2056 746 2132; x_wconf 88' lang='lat' dir='ltr'><strong>migra.</strong></span> 
     </span>
     <span class='ocr_line' id='line_1_24' title="bbox 123 2134 1076 2213; baseline 0.001 -20"><span class='ocrx_word' id='word_1_146' title='bbox 123 2135 227 2207; x_wconf 83' lang='lat' dir='ltr'><strong>Parce,</strong></span> <span class='ocrx_word' id='word_1_147' title='bbox 240 2154 349 2212; x_wconf 90' lang='lat' dir='ltr'><strong>precor,</strong></span> <span class='ocrx_word' id='word_1_148' title='bbox 363 2134 460 2206; x_wconf 79' lang='lat' dir='ltr'><strong>Peren,</strong></span> <span class='ocrx_word' id='word_1_149' title='bbox 475 2146 504 2193; x_wconf 85' lang='lat' dir='ltr'><strong>et</strong></span> <span class='ocrx_word' id='word_1_150' title='bbox 517 2146 557 2206; x_wconf 87' lang='lat' dir='ltr'><strong>tu,</strong></span> <span class='ocrx_word' id='word_1_151' title='bbox 572 2135 645 2206; x_wconf 87' lang='lat' dir='ltr'><strong>Dea,</strong></span> <span class='ocrx_word' id='word_1_152' title='bbox 659 2154 733 2211; x_wconf 90' lang='lat' dir='ltr'><strong>pone</strong></span> <span class='ocrx_word' id='word_1_153' title='bbox 747 2134 884 2213; x_wconf 57' lang='lat' dir='ltr'><strong>sagittam</strong></span> <span class='ocrx_word' id='word_1_154' title='bbox 1019 2135 1076 2194; x_wconf 74' lang='lat'><strong>135</strong></span> 
     </span>
     <span class='ocr_line' id='line_1_25' title="bbox 84 2211 768 2290; baseline 0 -18"><span class='ocrx_word' id='word_1_155' title='bbox 84 2215 137 2272; x_wconf 89' lang='lat' dir='ltr'><strong>Nil</strong></span> <span class='ocrx_word' id='word_1_156' title='bbox 151 2211 234 2290; x_wconf 88' lang='lat' dir='ltr'><strong>pueri</strong></span> <span class='ocrx_word' id='word_1_157' title='bbox 248 2215 365 2286; x_wconf 81' lang='lat' dir='ltr'><strong>faciunt,</strong></span> <span class='ocrx_word' id='word_1_158' title='bbox 380 2213 470 2289; x_wconf 90' lang='lat' dir='ltr'><strong>ipsam</strong></span> <span class='ocrx_word' id='word_1_159' title='bbox 485 2214 619 2290; x_wconf 86' lang='lat' dir='ltr'><strong>configite</strong></span> <span class='ocrx_word' id='word_1_160' title='bbox 633 2217 768 2272; x_wconf 87' lang='lat' dir='ltr'><strong>matrem!</strong></span> 
     </span>
     <span class='ocr_line' id='line_1_26' title="bbox 85 2287 819 2368; baseline 0 -18"><span class='ocrx_word' id='word_1_161' title='bbox 85 2294 233 2368; x_wconf 88' lang='lat' dir='ltr'><strong>Amphion</strong></span> <span class='ocrx_word' id='word_1_162' title='bbox 247 2293 367 2350; x_wconf 88' lang='lat' dir='ltr'><strong>clamat:</strong></span> <span class='ocrx_word' id='word_1_163' title='bbox 389 2293 439 2350; x_wconf 90' lang='lat' dir='ltr'><strong>sed</strong></span> <span class='ocrx_word' id='word_1_164' title='bbox 453 2292 540 2350; x_wconf 82' lang='lat' dir='ltr'><strong>Paean</strong></span> <span class='ocrx_word' id='word_1_165' title='bbox 555 2293 698 2351; x_wconf 81' lang='lat' dir='ltr'><strong>contrahit</strong></span> <span class='ocrx_word' id='word_1_166' title='bbox 712 2287 819 2351; x_wconf 77' lang='lat' dir='ltr'><strong>arctim.</strong></span> 
     </span>
     <span class='ocr_line' id='line_1_27' title="bbox 84 2368 879 2447; baseline -0.001 -18"><span class='ocrx_word' id='word_1_167' title='bbox 84 2372 198 2430; x_wconf 84' lang='lat' dir='ltr'><strong>Extulit</strong></span> <span class='ocrx_word' id='word_1_168' title='bbox 211 2368 280 2447; x_wconf 78' lang='lat' dir='ltr'><strong>ergo</strong></span> <span class='ocrx_word' id='word_1_169' title='bbox 295 2389 396 2447; x_wconf 84' lang='lat' dir='ltr'><strong>greges</strong></span> <span class='ocrx_word' id='word_1_170' title='bbox 406 2381 548 2441; x_wconf 89' lang='lat' dir='ltr'><strong>natorum,</strong></span> <span class='ocrx_word' id='word_1_171' title='bbox 560 2371 708 2445; x_wconf 87' lang='lat' dir='ltr'><strong>ipsumque</strong></span> <span class='ocrx_word' id='word_1_172' title='bbox 721 2383 879 2447; x_wconf 84' lang='lat' dir='ltr'><strong>parentem,</strong></span> 
     </span>
     <span class='ocr_line' id='line_1_28' title="bbox 85 2449 732 2524; baseline -0.005 -16"><span class='ocrx_word' id='word_1_173' title='bbox 85 2450 165 2508; x_wconf 91' lang='lat' dir='ltr'><strong>Dum</strong></span> <span class='ocrx_word' id='word_1_174' title='bbox 180 2450 234 2507; x_wconf 90' lang='lat' dir='ltr'><strong>sibi</strong></span> <span class='ocrx_word' id='word_1_175' title='bbox 248 2449 367 2508; x_wconf 71' lang='lat' dir='ltr'><strong>nobilio:⁸</strong></span> <span class='ocrx_word' id='word_1_176' title='bbox 381 2449 500 2507; x_wconf 82' lang='lat' dir='ltr'><strong>Letonae</strong></span> <span class='ocrx_word' id='word_1_177' title='bbox 513 2461 598 2524; x_wconf 87' lang='lat' dir='ltr'><strong>gente</strong></span> <span class='ocrx_word' id='word_1_178' title='bbox 611 2449 732 2519; x_wconf 88' lang='lat' dir='ltr'><strong>videtur,</strong></span> 
     </span>
     <span class='ocr_line' id='line_1_29' title="bbox 85 2525 1078 2605; baseline -0.002 -19"><span class='ocrx_word' id='word_1_179' title='bbox 85 2531 184 2605; x_wconf 87' lang='lat' dir='ltr'><strong>Atque</strong></span> <span class='ocrx_word' id='word_1_180' title='bbox 198 2529 298 2586; x_wconf 90' lang='lat' dir='ltr'><strong>eadem</strong></span> <span class='ocrx_word' id='word_1_181' title='bbox 313 2529 406 2586; x_wconf 82' lang='lat' dir='ltr'><strong>scrolit</strong></span> <span class='ocrx_word' id='word_1_182' title='bbox 420 2527 514 2585; x_wconf 86' lang='lat' dir='ltr'><strong>Niobe</strong></span> <span class='ocrx_word' id='word_1_183' title='bbox 529 2526 688 2584; x_wconf 81' lang='lat' dir='ltr'><strong>foecundior</strong></span> <span class='ocrx_word' id='word_1_184' title='bbox 703 2526 776 2582; x_wconf 80' lang='lat' dir='ltr'><strong>uba.</strong></span> <span class='ocrx_word' id='word_1_185' title='bbox 1021 2525 1078 2584; x_wconf 79' lang='grc'><strong>140</strong></span> 
     </span>
     <span class='ocr_line' id='line_1_30' title="bbox 85 2605 869 2684; baseline -0.003 -20"><span class='ocrx_word' id='word_1_186' title='bbox 85 2609 163 2670; x_wconf 74' lang='lat' dir='ltr'><strong>Qua</strong></span> <span class='ocrx_word' id='word_1_187' title='bbox 178 2607 250 2664; x_wconf 91' lang='lat' dir='ltr'><strong>tanti</strong></span> <span class='ocrx_word' id='word_1_188' title='bbox 264 2607 398 2684; x_wconf 84' lang='lat' dir='ltr'><strong>gravitas,</strong></span> <span class='ocrx_word' id='word_1_189' title='bbox 412 2625 475 2682; x_wconf 80' lang='lat' dir='ltr'><strong>quse</strong></span> <span class='ocrx_word' id='word_1_190' title='bbox 490 2606 589 2677; x_wconf 83' lang='lat' dir='ltr'><strong>forma,</strong></span> <span class='ocrx_word' id='word_1_191' title='bbox 604 2616 636 2662; x_wconf 90' lang='lat' dir='ltr'><strong>ut</strong></span> <span class='ocrx_word' id='word_1_192' title='bbox 649 2625 679 2662; x_wconf 91' lang='lat' dir='ltr'><strong>se</strong></span> <span class='ocrx_word' id='word_1_193' title='bbox 693 2605 743 2662; x_wconf 89' lang='lat' dir='ltr'><strong>tibi</strong></span> <span class='ocrx_word' id='word_1_194' title='bbox 758 2621 869 2682; x_wconf 86' lang='lat' dir='ltr'><strong>semper</strong></span> 
     </span>
     <span class='ocr_line' id='line_1_31' title="bbox 86 2684 840 2761; baseline 0 -19"><span class='ocrx_word' id='word_1_195' title='bbox 86 2684 238 2761; x_wconf 85' lang='lat' dir='ltr'><strong>Imputetl</strong></span> <span class='ocrx_word' id='word_1_196' title='bbox 268 2685 364 2760; x_wconf 85' lang='lat' dir='ltr'><strong>Hujus</strong></span> <span class='ocrx_word' id='word_1_197' title='bbox 377 2685 455 2742; x_wconf 90' lang='lat' dir='ltr'><strong>enim</strong></span> <span class='ocrx_word' id='word_1_198' title='bbox 468 2685 525 2742; x_wconf 90' lang='lat' dir='ltr'><strong>rari</strong></span> <span class='ocrx_word' id='word_1_199' title='bbox 539 2685 699 2760; x_wconf 88' lang='lat' dir='ltr'><strong>summique</strong></span> <span class='ocrx_word' id='word_1_200' title='bbox 710 2684 840 2761; x_wconf 85' lang='lat' dir='ltr'><strong>voluptas</strong></span> 
     </span>
     <span class='ocr_line' id='line_1_32' title="bbox 85 2764 781 2841; baseline 0 -19"><span class='ocrx_word' id='word_1_201' title='bbox 85 2765 178 2822; x_wconf 90' lang='lat' dir='ltr'><strong>Nulla</strong></span> <span class='ocrx_word' id='word_1_202' title='bbox 192 2764 268 2834; x_wconf 92' lang='lat' dir='ltr'><strong>boni,</strong></span> <span class='ocrx_word' id='word_1_203' title='bbox 281 2764 391 2839; x_wconf 88' lang='lat' dir='ltr'><strong>quoties</strong></span> <span class='ocrx_word' id='word_1_204' title='bbox 402 2765 500 2822; x_wconf 86' lang='lat' dir='ltr'><strong>&#39;animo</strong></span> <span class='ocrx_word' id='word_1_205' title='bbox 514 2776 646 2841; x_wconf 88' lang='lat' dir='ltr'><strong>corrupta</strong></span> <span class='ocrx_word' id='word_1_206' title='bbox 659 2765 781 2840; x_wconf 89' lang='lat' dir='ltr'><strong>superbo</strong></span> 
     </span>
     <span class='ocr_line' id='line_1_33' title="bbox 85 2841 938 2917; baseline 0.002 -17"><span class='ocrx_word' id='word_1_207' title='bbox 85 2844 156 2900; x_wconf 91' lang='lat' dir='ltr'><strong>Plus</strong></span> <span class='ocrx_word' id='word_1_208' title='bbox 170 2843 258 2914; x_wconf 71' lang='lat' dir='ltr'><strong>dotis,</strong></span> <span class='ocrx_word' id='word_1_209' title='bbox 273 2841 359 2917; x_wconf 75' lang='lat' dir='ltr'><strong>quim</strong></span> <span class='ocrx_word' id='word_1_210' title='bbox 374 2843 475 2914; x_wconf 90' lang='lat' dir='ltr'><strong>mellis,</strong></span> <span class='ocrx_word' id='word_1_211' title='bbox 490 2844 582 2901; x_wconf 85' lang='lat' dir='ltr'><strong>habet.</strong></span> <span class='ocrx_word' id='word_1_212' title='bbox 623 2844 701 2905; x_wconf 82' lang='lat' dir='ltr'><strong>Quis</strong></span> <span class='ocrx_word' id='word_1_213' title='bbox 714 2845 829 2901; x_wconf 88' lang='lat' dir='ltr'><strong>deditus</strong></span> <span class='ocrx_word' id='word_1_214' title='bbox 843 2853 938 2902; x_wconf 84' lang='lat' dir='ltr'><strong>autern</strong></span> 
     </span>
     <span class='ocr_line' id='line_1_34' title="bbox 87 2919 1077 2998; baseline -0.002 -18"><span class='ocrx_word' id='word_1_215' title='bbox 87 2923 185 2998; x_wconf 92' lang='lat' dir='ltr'><strong>Usque</strong></span> <span class='ocrx_word' id='word_1_216' title='bbox 199 2919 272 2977; x_wconf 84' lang='lat' dir='ltr'><strong>adeb</strong></span> <span class='ocrx_word' id='word_1_217' title='bbox 285 2933 338 2992; x_wconf 89' lang='lat' dir='ltr'><strong>est,</strong></span> <span class='ocrx_word' id='word_1_218' title='bbox 353 2933 455 2980; x_wconf 90' lang='lat' dir='ltr'><strong>utnon</strong></span> <span class='ocrx_word' id='word_1_219' title='bbox 471 2922 557 2993; x_wconf 89' lang='lat' dir='ltr'><strong>illam,</strong></span> <span class='ocrx_word' id='word_1_220' title='bbox 571 2940 657 2996; x_wconf 85' lang='lat' dir='ltr'><strong>quam</strong></span> <span class='ocrx_word' id='word_1_221' title='bbox 670 2922 804 2978; x_wconf 89' lang='lat' dir='ltr'><strong>laudibus</strong></span> <span class='ocrx_word' id='word_1_222' title='bbox 817 2921 908 2991; x_wconf 86' lang='lat' dir='ltr'><strong>effert,</strong></span> <span class='ocrx_word' id='word_1_223' title='bbox 1019 2921 1077 2978; x_wconf 79' lang='lat'><strong>145</strong></span> 
     </span>
     <span class='ocr_line' id='line_1_35' title="bbox 87 3000 733 3075; baseline -0.005 -17"><span class='ocrx_word' id='word_1_224' title='bbox 87 3001 222 3070; x_wconf 87' lang='lat' dir='ltr'><strong>Horreat‚</strong></span> <span class='ocrx_word' id='word_1_225' title='bbox 236 3000 321 3074; x_wconf 91' lang='lat' dir='ltr'><strong>inque</strong></span> <span class='ocrx_word' id='word_1_226' title='bbox 335 3001 382 3058; x_wconf 88' lang='lat' dir='ltr'><strong>die</strong></span> <span class='ocrx_word' id='word_1_227' title='bbox 396 3001 520 3075; x_wconf 84' lang='lat' dir='ltr'><strong>septenis</strong></span> <span class='ocrx_word' id='word_1_228' title='bbox 532 3001 624 3057; x_wconf 88' lang='lat' dir='ltr'><strong>oderit</strong></span> <span class='ocrx_word' id='word_1_229' title='bbox 638 3000 733 3056; x_wconf 85' lang='lat' dir='ltr'><strong>horisl</strong></span> 
     </span>
     <span class='ocr_line' id='line_1_36' title="bbox 127 3074 940 3154; baseline -0.009 -15"><span class='ocrx_word' id='word_1_230' title='bbox 127 3079 272 3140; x_wconf 68' lang='lat' dir='ltr'><strong>Quaedam</strong></span> <span class='ocrx_word' id='word_1_231' title='bbox 286 3097 372 3154; x_wconf 85' lang='lat' dir='ltr'><strong>parva</strong></span> <span class='ocrx_word' id='word_1_232' title='bbox 384 3078 510 3152; x_wconf 90' lang='lat' dir='ltr'><strong>quidem,</strong></span> <span class='ocrx_word' id='word_1_233' title='bbox 525 3078 575 3132; x_wconf 89' lang='lat' dir='ltr'><strong>sed</strong></span> <span class='ocrx_word' id='word_1_234' title='bbox 589 3095 647 3132; x_wconf 92' lang='lat' dir='ltr'><strong>non</strong></span> <span class='ocrx_word' id='word_1_235' title='bbox 661 3075 809 3131; x_wconf 82' lang='lat' dir='ltr'><strong>toleranda</strong></span> <span class='ocrx_word' id='word_1_236' title='bbox 821 3074 940 3132; x_wconf 70' lang='lat' dir='ltr'><strong>mutus.</strong></span> 
     </span>
     <span class='ocr_line' id='line_1_37' title="bbox 88 3149 893 3233; baseline -0.011 -17"><span class='ocrx_word' id='word_1_237' title='bbox 88 3158 166 3216; x_wconf 86' lang='lat' dir='ltr'><strong>Nam</strong></span> <span class='ocrx_word' id='word_1_238' title='bbox 181 3157 247 3233; x_wconf 90' lang='lat' dir='ltr'><strong>quid</strong></span> <span class='ocrx_word' id='word_1_239' title='bbox 262 3156 418 3224; x_wconf 84' lang='lat' dir='ltr'><strong>rancidius,</strong></span> <span class='ocrx_word' id='word_1_240' title='bbox 431 3151 518 3228; x_wconf 78' lang='lat' dir='ltr'><strong>qudm</strong></span> <span class='ocrx_word' id='word_1_241' title='bbox 531 3150 609 3226; x_wconf 85' lang='lat' dir='ltr'><strong>qubd</strong></span> <span class='ocrx_word' id='word_1_242' title='bbox 624 3169 654 3207; x_wconf 89' lang='lat' dir='ltr'><strong>se</strong></span> <span class='ocrx_word' id='word_1_243' title='bbox 668 3170 726 3208; x_wconf 95' lang='lat' dir='ltr'><strong>non</strong></span> <span class='ocrx_word' id='word_1_244' title='bbox 739 3160 821 3226; x_wconf 91' lang='lat' dir='ltr'><strong>putat</strong></span> <span class='ocrx_word' id='word_1_245' title='bbox 834 3149 893 3207; x_wconf 86' lang='lat' dir='ltr'><strong>ulla</strong></span> 
     </span>
     <span class='ocr_line' id='line_1_38' title="bbox 89 3229 892 3306; baseline -0.009 -11"><span class='ocrx_word' id='word_1_246' title='bbox 89 3237 266 3306; x_wconf 83' lang='lat' dir='ltr'><strong>Formosam,</strong></span> <span class='ocrx_word' id='word_1_247' title='bbox 280 3234 336 3292; x_wconf 89' lang='lat' dir='ltr'><strong>nisi</strong></span> <span class='ocrx_word' id='word_1_248' title='bbox 349 3251 412 3306; x_wconf 75' lang='lat' dir='ltr'><strong>quse</strong></span> <span class='ocrx_word' id='word_1_249' title='bbox 427 3233 463 3288; x_wconf 89' lang='lat' dir='ltr'><strong>de</strong></span> <span class='ocrx_word' id='word_1_250' title='bbox 477 3230 578 3288; x_wconf 74' lang='lat' dir='ltr'><strong>Tuscia</strong></span> <span class='ocrx_word' id='word_1_251' title='bbox 592 3229 725 3288; x_wconf 83' lang='lat' dir='ltr'><strong>Graecula</strong></span> <span class='ocrx_word' id='word_1_252' title='bbox 740 3230 815 3288; x_wconf 89' lang='lat' dir='ltr'><strong>facta</strong></span> <span class='ocrx_word' id='word_1_253' title='bbox 828 3230 892 3288; x_wconf 85' lang='lat' dir='ltr'><strong>estl</strong></span> 
     </span>
     <span class='ocr_line' id='line_1_39' title="bbox 89 3307 1079 3386; baseline -0.004 -12"><span class='ocrx_word' id='word_1_254' title='bbox 89 3315 136 3374; x_wconf 80' lang='lat' dir='ltr'><strong>De</strong></span> <span class='ocrx_word' id='word_1_255' title='bbox 150 3313 333 3372; x_wconf 85' lang='lat' dir='ltr'><strong>Sulmonensi</strong></span> <span class='ocrx_word' id='word_1_256' title='bbox 347 3330 425 3369; x_wconf 85' lang='lat' dir='ltr'><strong>mern</strong></span> <span class='ocrx_word' id='word_1_257' title='bbox 439 3310 597 3386; x_wconf 87' lang='lat' dir='ltr'><strong>Cecropisl</strong></span> <span class='ocrx_word' id='word_1_258' title='bbox 637 3310 745 3368; x_wconf 90' lang='lat' dir='ltr'><strong>Omnia</strong></span> <span class='ocrx_word' id='word_1_259' title='bbox 758 3307 872 3384; x_wconf 76' lang='lat' dir='ltr'><strong>Graecd,</strong></span> <span class='ocrx_word' id='word_1_260' title='bbox 1021 3310 1079 3370; x_wconf 79' lang='lat'><strong>15⁰</strong></span> 
     </span>
     <span class='ocr_line' id='line_1_40' title="bbox 89 3388 811 3466; baseline -0.001 -17"><span class='ocrx_word' id='word_1_261' title='bbox 89 3395 192 3456; x_wconf 76' lang='lat' dir='ltr'><strong>Quum</strong></span> <span class='ocrx_word' id='word_1_262' title='bbox 206 3393 243 3449; x_wconf 88' lang='lat' dir='ltr'><strong>sit</strong></span> <span class='ocrx_word' id='word_1_263' title='bbox 256 3403 337 3466; x_wconf 90' lang='lat' dir='ltr'><strong>turpe</strong></span> <span class='ocrx_word' id='word_1_264' title='bbox 351 3389 443 3466; x_wconf 89' lang='lat' dir='ltr'><strong>magis</strong></span> <span class='ocrx_word' id='word_1_265' title='bbox 457 3390 560 3448; x_wconf 87' lang='lat' dir='ltr'><strong>nostris</strong></span> <span class='ocrx_word' id='word_1_266' title='bbox 574 3390 685 3448; x_wconf 87' lang='lat' dir='ltr'><strong>nescire</strong></span> <span class='ocrx_word' id='word_1_267' title='bbox 698 3388 811 3448; x_wconf 67' lang='lat' dir='ltr'><strong>Latine.</strong></span> 
     </span>
     <span class='ocr_line' id='line_1_41' title="bbox 90 3469 839 3545; baseline -0.004 -17"><span class='ocrx_word' id='word_1_268' title='bbox 90 3473 156 3529; x_wconf 91' lang='lat' dir='ltr'><strong>Hoc</strong></span> <span class='ocrx_word' id='word_1_269' title='bbox 170 3489 302 3528; x_wconf 90' lang='lat' dir='ltr'><strong>sermone</strong></span> <span class='ocrx_word' id='word_1_270' title='bbox 317 3483 429 3544; x_wconf 89' lang='lat' dir='ltr'><strong>pavent,</strong></span> <span class='ocrx_word' id='word_1_271' title='bbox 445 3471 499 3526; x_wconf 90' lang='lat' dir='ltr'><strong>hoc</strong></span> <span class='ocrx_word' id='word_1_272' title='bbox 514 3469 597 3541; x_wconf 88' lang='lat' dir='ltr'><strong>iram,</strong></span> <span class='ocrx_word' id='word_1_273' title='bbox 612 3470 728 3545; x_wconf 84' lang='lat' dir='ltr'><strong>gaudia,</strong></span> <span class='ocrx_word' id='word_1_274' title='bbox 744 3487 839 3539; x_wconf 81' lang='lat' dir='ltr'><strong>curas,</strong></span> 
     </span>
     <span class='ocr_line' id='line_1_42' title="bbox 91 3546 916 3619; baseline -0.01 -12"><span class='ocrx_word' id='word_1_275' title='bbox 91 3549 157 3608; x_wconf 92' lang='lat' dir='ltr'><strong>Iloc</strong></span> <span class='ocrx_word' id='word_1_276' title='bbox 170 3561 276 3606; x_wconf 85' lang='lat' dir='ltr'><strong>cuncte</strong></span> <span class='ocrx_word' id='word_1_277' title='bbox 289 3547 439 3605; x_wconf 82' lang='lat' dir='ltr'><strong>effundunt</strong></span> <span class='ocrx_word' id='word_1_278' title='bbox 452 3548 541 3606; x_wconf 90' lang='lat' dir='ltr'><strong>animi</strong></span> <span class='ocrx_word' id='word_1_279' title='bbox 554 3559 680 3606; x_wconf 87' lang='lat' dir='ltr'><strong>secreta:</strong></span> <span class='ocrx_word' id='word_1_280' title='bbox 701 3547 769 3619; x_wconf 92' lang='lat' dir='ltr'><strong>quid</strong></span> <span class='ocrx_word' id='word_1_281' title='bbox 781 3546 916 3602; x_wconf 81' lang='lat' dir='ltr'><strong>ultral-</strong></span> 
     </span>
     <span class='ocr_line' id='line_1_43' title="bbox 132 3621 823 3703; baseline -0.012 -17"><span class='ocrx_word' id='word_1_282' title='bbox 132 3629 162 3686; x_wconf 86' lang='lat' dir='ltr'><strong>Si</strong></span> <span class='ocrx_word' id='word_1_283' title='bbox 177 3627 229 3686; x_wconf 92' lang='lat' dir='ltr'><strong>tibi</strong></span> <span class='ocrx_word' id='word_1_284' title='bbox 242 3624 378 3703; x_wconf 85' lang='lat' dir='ltr'><strong>legitimis</strong></span> <span class='ocrx_word' id='word_1_285' title='bbox 391 3638 502 3698; x_wconf 90' lang='lat' dir='ltr'><strong>pactam</strong></span> <span class='ocrx_word' id='word_1_286' title='bbox 512 3627 698 3702; x_wconf 87' lang='lat' dir='ltr'><strong>junctamque</strong></span> <span class='ocrx_word' id='word_1_287' title='bbox 712 3621 823 3679; x_wconf 87' lang='lat' dir='ltr'><strong>tabellis</strong></span> 
     </span>
     <span class='ocr_line' id='line_1_44' title="bbox 91 3701 1078 3773; baseline -0.011 -8"><span class='ocrx_word' id='word_1_288' title='bbox 91 3707 159 3765; x_wconf 91' lang='lat' dir='ltr'><strong>Non</strong></span> <span class='ocrx_word' id='word_1_289' title='bbox 172 3727 204 3765; x_wconf 89' lang='lat' dir='ltr'><strong>es</strong></span> <span class='ocrx_word' id='word_1_290' title='bbox 218 3714 374 3773; x_wconf 85' lang='lat' dir='ltr'><strong>amaturus,</strong></span> <span class='ocrx_word' id='word_1_291' title='bbox 388 3703 512 3759; x_wconf 89' lang='lat' dir='ltr'><strong>ducendi</strong></span> <span class='ocrx_word' id='word_1_292' title='bbox 527 3702 608 3760; x_wconf 88' lang='lat' dir='ltr'><strong>nulla</strong></span> <span class='ocrx_word' id='word_1_293' title='bbox 620 3701 731 3758; x_wconf 83' lang='lat' dir='ltr'><strong>ridetur</strong></span> <span class='ocrx_word' id='word_1_294' title='bbox 1022 3703 1078 3762; x_wconf 81' lang='lat'><strong>155</strong></span> 
     </span>
     <span class='ocr_line' id='line_1_45' title="bbox 92 3779 902 3860; baseline -0.007 -16"><span class='ocrx_word' id='word_1_295' title='bbox 92 3786 205 3857; x_wconf 86' lang='lat' dir='ltr'><strong>Gausa;</strong></span> <span class='ocrx_word' id='word_1_296' title='bbox 226 3802 282 3844; x_wconf 85' lang='lat' dir='ltr'><strong>nec</strong></span> <span class='ocrx_word' id='word_1_297' title='bbox 296 3793 348 3854; x_wconf 88' lang='lat' dir='ltr'><strong>cst,</strong></span> <span class='ocrx_word' id='word_1_298' title='bbox 362 3799 449 3857; x_wconf 86' lang='lat' dir='ltr'><strong>querc</strong></span> <span class='ocrx_word' id='word_1_299' title='bbox 463 3798 575 3840; x_wconf 82' lang='lat' dir='ltr'><strong>coeuam</strong></span> <span class='ocrx_word' id='word_1_300' title='bbox 588 3791 618 3838; x_wconf 89' lang='lat' dir='ltr'><strong>et</strong></span> <span class='ocrx_word' id='word_1_301' title='bbox 630 3790 777 3840; x_wconf 82' lang='lat' dir='ltr'><strong>mustacea</strong></span> <span class='ocrx_word' id='word_1_302' title='bbox 789 3779 902 3860; x_wconf 79' lang='lat' dir='ltr'><strong>perdas,</strong></span> 
     </span>
    </p>
   </div>
   <div class='ocr_carea' id='block_1_3' title="bbox 0 0 1261 4274">
    <p class='ocr_par' dir='ltr' id='par_1_3' title="bbox 0 0 1261 4274">
     <span class='ocr_line' id='line_1_46' title="bbox 0 0 1261 4274; baseline 0 0"><span class='ocrx_word' id='word_1_303' title='bbox 0 0 1261 4274; x_wconf 95' lang='lat' dir='ltr'><strong> </strong></span> 
     </span>
    </p>
   </div>
  </div>
 </body>
</html>
