2494 4274
493 267 616 315 SATlllA
635 265 668 314 X.

93 409 239 481 Fe‘orum,
254 420 282 466 et
297 407 385 467 nimio
399 408 434 465 de
449 410 577 480 stamine,
592 427 678 483 quum
693 409 769 466 videt
782 408 856 466 acris

91 488 242 545 Antilochi
258 488 371 545 barbam
387 488 543 558 ardentem,
558 506 643 561 quum
658 487 756 562 quaerit
771 486 806 544 ab
819 487 908 561 omui,

90 566 234 640 Quisquis
248 567 328 623 adest
341 566 445 635 socius,
459 585 510 621 cur
525 567 586 622 bec
602 566 630 621 in
646 577 771 640 tempora
786 568 880 637 duret,

90 644 182 705 Quod
198 644 310 702 facinus
323 643 440 718 dignum
455 655 513 700 tam
525 643 609 718 longo
623 643 767 700 admiserit
781 645 861 702 evol

92 723 169 779 Hrec
182 724 282 780 eadem
298 721 409 793 Peleus,
429 730 539 796 raptum
553 739 640 795 quum
654 721 733 796 luget
748 722 901 795 Achillem,

90 802 190 876 Atque
204 801 285 870 alius,
301 801 348 857 cui
363 800 403 856 sas
418 799 548 856 Ithacum
562 800 659 874 lugere
675 809 831 856 natantem.

4 883 6 886 ’
90 879 235 937 Incolumi
249 877 338 952 Trojd
352 877 481 934 Priamus
494 878 617 935 venisset
631 877 666 934 ad
682 879 795 934 umbras

91 957 230 1015 Assaraci
245 959 355 1031 maguis
369 955 541 1028 solennibus,
557 955 682 1013 Hectore
697 957 782 1013 sunus

90 1035 237 1106 Portante,
252 1054 286 1092 ac
301 1035 414 1109 reliquis
429 1036 544 1092 fratrum
559 1035 726 1106 cervicibus,
741 1035 814 1092 iuter

91 1111 217 1171 Iliadum
230 1113 379 1187 lacrymas,
393 1124 425 1170 ut
439 1115 542 1188 primos
557 1114 641 1170 edere
655 1113 785 1188 planctus

90 1192 256 1248 Cassandra
270 1191 415 1266 inciperet,
430 1193 573 1266 scissaque
588 1190 730 1265 Polyxena
743 1190 828 1266 pult,

92 1271 125 1326 Si
140 1270 212 1327 foret
225 1271 380 1328 exstinctus
394 1271 503 1327 diverso
518 1281 652 1346 tempore,
667 1288 722 1343 quo
736 1289 793 1328 uon

91 1348 228 1424 Ceperat
243 1349 366 1404 audaces
380 1347 459 1405 Paris
474 1349 613 1406 aedilicare
625 1349 743 1404 carinas.

92 1426 196 1501 Longa
207 1427 268 1482 dies
283 1426 367 1500 igitur
381 1427 447 1501 quid
463 1426 603 1482 contulitl
624 1425 720 1481 omnia
733 1425 803 1481 vidit

90 1503 210 1576 Eversa,
224 1517 253 1561 et
266 1504 386 1561 flammis
401 1505 499 1560 Asiam
515 1505 642 1576 ferroque
656 1503 814 1559 cadentem.

90 1581 181 1640 Tunc
195 1583 278 1639 miles
292 1583 428 1639 tremulus
441 1583 533 1658 positia
547 1583 611 1638 tulit
626 1581 800 1653 armatiani,

91 1658 130 1718 Et
144 1661 202 1717 ruit
215 1672 280 1718 aute
295 1679 373 1718 aram
387 1662 489 1717 summi
503 1661 591 1730 Jovis,
607 1670 637 1715 ut
651 1659 760 1718 vetulus
774 1660 834 1733 bos,

90 1739 156 1799 Qui
170 1740 277 1796 domini
293 1740 390 1796 cultris
404 1750 489 1797 tenue
504 1751 532 1796 et
546 1738 704 1795 miserabile
718 1738 822 1797 collum

91 1816 215 1888 Praebet,
230 1817 265 1874 ab
278 1819 388 1894 ingrato
399 1820 457 1892 jam
472 1819 610 1875 fastiditus
624 1827 722 1874 aratro.

91 1893 197 1952 Exitus
210 1896 256 1952 ille
272 1908 415 1970 utcunque
429 1897 569 1953 hominis:
590 1896 640 1951 sed
653 1906 730 1953 torva
743 1896 848 1955 canino

91 1972 218 2031 Intravit
231 1973 315 2044 rictu,
330 1993 392 2048 quae
406 1985 468 2049 post
482 1976 559 2030 hunc
573 1974 689 2044 vixerat,
704 1991 782 2030 uxor.

91 2051 211 2109 Festino
225 2052 260 2109 ad
275 2064 394 2120 nostroe,
409 2063 437 2108 et
451 2071 546 2126 regem
561 2064 673 2108 transeo
687 2050 782 2122 Ponti,

91 2129 130 2186 Et
145 2129 284 2202 Croesum,
299 2149 382 2205 quem
394 2149 446 2187 vox
457 2131 524 2206 justi
539 2131 662 2187 secunda
677 2130 789 2188 Solonis

91 2207 251 2284 Respicere
265 2209 301 2266 ad
317 2209 407 2284 louge
419 2210 501 2286 jussit
515 2211 603 2285 spatia
618 2209 715 2266 ultima
727 2209 800 2265 vitae.

91 2285 242 2357 Exsilium,
256 2297 285 2344 et
298 2307 405 2358 carcer,
420 2287 685 2362 Minturnarumque
699 2286 826 2362 paludes,

91 2363 130 2421 Et
144 2366 322 2422 mendicatus
336 2365 410 2422 victi
425 2366 597 2440 Carthagine
611 2367 702 2440 panis,

91 2441 172 2499 Hinc
186 2461 287 2500 causae
302 2442 434 2501 bebudre.
474 2444 557 2505 Quid
571 2443 619 2500 illo
632 2445 693 2500 cive
707 2442 817 2498 tulisset

90 2519 122 2576 N
124 2532 204 2578 atura
218 2521 247 2578 iu
261 2523 352 2594 terrie,
367 2523 434 2597 quid
446 2521 542 2578 Roma
557 2521 665 2578 beatius
678 2537 814 2592 unquam,

91 2599 124 2655 Si
140 2600 334 2658 circumducto
348 2601 520 2675 captivorum
535 2599 657 2675 agmine,
672 2611 700 2656 et
713 2597 791 2655 omni

91 2676 234 2734 Bellorum
250 2680 361 2754 pompa,
376 2680 499 2736 animam
512 2679 671 2736 exhalasset
683 2677 817 2752 opimam,

89 2754 192 2816 Quum
206 2755 242 2812 de
256 2754 418 2814 Teutonico
431 2757 515 2815 vellet
529 2758 702 2815 descendere
716 2757 823 2814 currul

90 2832 212 2891 Provida
226 2833 360 2910 Pompeio
374 2836 491 2892 dederat
504 2835 662 2911 Campania
676 2835 768 2892 lebres

96 2912 257 2986 jpteudas:
278 2914 327 2970 sed
341 2912 437 2970 multae
451 2914 535 2970 urbes
549 2925 577 2970 et
590 2914 705 2988 publica
717 2923 782 2968 vota

90 2987 239 3046 Vicerunt.
281 2989 370 3066 Igitur
385 2991 511 3048 Fortuna
525 2991 613 3065 ipsius
626 3005 655 3046 et
668 2989 753 3046 Urbis

91 3067 239 3124 Servatum
254 3069 327 3125 victo
341 3080 427 3142 caput
440 3067 563 3123 abstulit.
604 3067 670 3121 Hoc
684 3063 811 3121 cruciatu

89 3143 239 3216 Lentulus,
254 3147 309 3203 haic
322 3145 408 3220 prena
421 3145 513 3200 caruit
527 3142 686 3215 ceciditque
696 3139 841 3213 Cethegus

91 3221 216 3297 Integer,
230 3233 259 3280 et
269 3223 360 3300 jacuit
373 3222 498 3279 Catilina
511 3221 648 3278 cadavere
661 3229 728 3277 toto.

132 3299 263 3359 Formam
277 3311 354 3378 optat
368 3300 480 3359 modico
492 3299 596 3379 pueris,
611 3299 715 3375 majore
728 3299 829 3375 puellis

90 3376 250 3450 Murmure,
263 3392 349 3455 quum
365 3380 486 3438 Veneris
500 3380 597 3438 sanum
611 3379 686 3438 videt
700 3378 784 3436 anxia
797 3387 896 3450 mater,

90 3455 187 3532 Usque
202 3457 237 3514 ad
251 3457 367 3516 delicias
381 3470 515 3518 votorum.
556 3456 616 3514 Cur
629 3470 735 3529 tamen,
749 3458 849 3533 inquit,

90 3535 255 3610 Corripiesl
275 3535 400 3593 Pulchra
414 3538 520 3612 gaudet
533 3536 644 3594 Latona
656 3535 761 3590 Diana.

91 3613 149 3670 Sed
164 3623 240 3671 vetat
252 3613 343 3688 optari
357 3613 458 3669 faciem
472 3615 616 3681 Lucretia,
629 3610 740 3683 qualem

91 3689 158 3764 Ipsa
172 3691 287 3748 habuit:
310 3704 426 3765 cuperet
440 3689 546 3746 Rutilae
557 3687 689 3762 Virginia
722 3685 818 3744 ibbum
856 3756 858 3759 Ι

92 3768 244 3844 Accipere,
259 3779 342 3842 atque
357 3785 436 3824 suam
451 3764 559 3824 Rutilae
572 3765 649 3824 dare.
715 3763 780 3824 ilius
794 3775 890 3824 autem
