<?xml version="1.0" encoding="UTF-8"?>
<!DOCTYPE html PUBLIC "-//W3C//DTD XHTML 1.0 Transitional//EN"
    "http://www.w3.org/TR/xhtml1/DTD/xhtml1-transitional.dtd">
<html xmlns="http://www.w3.org/1999/xhtml" xml:lang="en" lang="en">
 <head>
  <title>
</title>
<meta http-equiv="Content-Type" content="text/html;charset=utf-8" />
  <meta name='ocr-system' content='tesseract 3.04.00' />
  <meta name='ocr-capabilities' content='ocr_page ocr_carea ocr_par ocr_line ocrx_word'/>
</head>
<body>
  <div class='ocr_page' id='page_1' title='image "./decimijuniijuve02levegoog_0054.png"; bbox 0 0 2494 4274; ppageno 0'>
   <div class='ocr_carea' id='block_1_1' title="bbox 462 282 680 331">
    <p class='ocr_par' dir='ltr' id='par_1_1' title="bbox 462 282 680 331">
     <span class='ocr_line' id='line_1_1' title="bbox 462 282 680 331; baseline 0 -1"><span class='ocrx_word' id='word_1_1' title='bbox 462 282 587 331; x_wconf 69' lang='lat' dir='ltr'><strong>suntal</strong></span> <span class='ocrx_word' id='word_1_2' title='bbox 605 283 680 331; x_wconf 89' lang='lat' dir='ltr'><strong>Vlll.</strong></span> 
     </span>
    </p>
   </div>
   <div class='ocr_carea' id='block_1_2' title="bbox 67 423 1140 3883">
    <p class='ocr_par' dir='ltr' id='par_1_2' title="bbox 73 423 703 500">
     <span class='ocr_line' id='line_1_2' title="bbox 73 423 703 500; baseline 0.003 -20"><span class='ocrx_word' id='word_1_3' title='bbox 73 423 220 495; x_wconf 85' lang='lat' dir='ltr'><strong>Gaurana,</strong></span> <span class='ocrx_word' id='word_1_4' title='bbox 234 431 263 480; x_wconf 90' lang='lat' dir='ltr'><strong>et</strong></span> <span class='ocrx_word' id='word_1_5' title='bbox 276 423 374 480; x_wconf 85' lang='lat' dir='ltr'><strong>Cosmi</strong></span> <span class='ocrx_word' id='word_1_6' title='bbox 389 432 449 482; x_wconf 90' lang='lat' dir='ltr'><strong>toto</strong></span> <span class='ocrx_word' id='word_1_7' title='bbox 463 434 607 500; x_wconf 81' lang='lat' dir='ltr'><strong>mergatur</strong></span> <span class='ocrx_word' id='word_1_8' title='bbox 620 427 703 483; x_wconf 77' lang='lat' dir='ltr'><strong>uduo.</strong></span> 
     </span>
    </p>

    <p class='ocr_par' dir='ltr' id='par_1_3' title="bbox 74 499 758 578">
     <span class='ocr_line' id='line_1_3' title="bbox 74 499 758 578; baseline 0.004 -20"><span class='ocrx_word' id='word_1_9' title='bbox 74 501 248 577; x_wconf 77' lang='lat' dir='ltr'>Exspectata</span> <span class='ocrx_word' id='word_1_10' title='bbox 262 499 312 560; x_wconf 81' lang='lat' dir='ltr'><strong>uit</strong></span> <span class='ocrx_word' id='word_1_11' title='bbox 326 503 443 560; x_wconf 89' lang='lat' dir='ltr'><strong>tandem</strong></span> <span class='ocrx_word' id='word_1_12' title='bbox 457 503 604 578; x_wconf 78' lang='lat' dir='ltr'><strong>provincia</strong></span> <span class='ocrx_word' id='word_1_13' title='bbox 618 521 707 578; x_wconf 91' lang='lat' dir='ltr'><strong>quum</strong></span> <span class='ocrx_word' id='word_1_14' title='bbox 723 509 758 561; x_wconf 88' lang='lat' dir='ltr'><strong>te&#39;</strong></span> 
     </span>
    </p>

    <p class='ocr_par' dir='ltr' id='par_1_4' title="bbox 74 579 830 658">
     <span class='ocr_line' id='line_1_4' title="bbox 74 579 830 658; baseline 0.003 -20"><span class='ocrx_word' id='word_1_15' title='bbox 74 579 232 638; x_wconf 81' lang='lat' dir='ltr'><strong>Rectorem</strong></span> <span class='ocrx_word' id='word_1_16' title='bbox 245 580 377 656; x_wconf 77' lang='lat' dir='ltr'><strong>accipiet,</strong></span> <span class='ocrx_word' id='word_1_17' title='bbox 391 600 466 656; x_wconf 88' lang='lat' dir='ltr'><strong>pone</strong></span> <span class='ocrx_word' id='word_1_18' title='bbox 480 581 529 638; x_wconf 80' lang='lat' dir='ltr'><strong>iras</strong></span> <span class='ocrx_word' id='word_1_19' title='bbox 544 581 632 638; x_wconf 72' lang='lat' dir='ltr'><strong>fraena</strong></span> <span class='ocrx_word' id='word_1_20' title='bbox 646 582 830 658; x_wconf 89' lang='lat' dir='ltr'><strong>modumque,</strong></span> 
     </span>
    </p>

    <p class='ocr_par' dir='ltr' id='par_1_5' title="bbox 73 659 803 735">
     <span class='ocr_line' id='line_1_5' title="bbox 73 659 803 735; baseline 0.003 -19"><span class='ocrx_word' id='word_1_21' title='bbox 73 659 152 716; x_wconf 88' lang='lat' dir='ltr'><strong>Pone</strong></span> <span class='ocrx_word' id='word_1_22' title='bbox 166 668 197 715; x_wconf 86' lang='lat' dir='ltr'><strong>et</strong></span> <span class='ocrx_word' id='word_1_23' title='bbox 210 659 352 728; x_wconf 81' lang='lat' dir='ltr'><strong>avaritiae;</strong></span> <span class='ocrx_word' id='word_1_24' title='bbox 374 659 507 717; x_wconf 87' lang='lat' dir='ltr'><strong>miserere</strong></span> <span class='ocrx_word' id='word_1_25' title='bbox 521 659 638 735; x_wconf 86' lang='lat' dir='ltr'>inopum</span> <span class='ocrx_word' id='word_1_26' title='bbox 653 660 803 718; x_wconf 87' lang='lat' dir='ltr'><strong>sociorum.</strong></span> 
     </span>
    </p>

    <p class='ocr_par' dir='ltr' id='par_1_6' title="bbox 73 737 1067 892">
     <span class='ocr_line' id='line_1_6' title="bbox 73 737 1067 812; baseline 0.007 -18"><span class='ocrx_word' id='word_1_27' title='bbox 73 737 150 794; x_wconf 82' lang='lat' dir='ltr'>Ossa</span> <span class='ocrx_word' id='word_1_28' title='bbox 164 737 245 794; x_wconf 87' lang='lat' dir='ltr'><strong>vides</strong></span> <span class='ocrx_word' id='word_1_29' title='bbox 258 755 358 812; x_wconf 87' lang='lat' dir='ltr'><strong>regum</strong></span> <span class='ocrx_word' id='word_1_30' title='bbox 372 737 471 795; x_wconf 85' lang='lat' dir='ltr'><strong>vacuis</strong></span> <span class='ocrx_word' id='word_1_31' title='bbox 484 748 603 796; x_wconf 82' lang='lat' dir='ltr'><strong>exsucta</strong></span> <span class='ocrx_word' id='word_1_32' title='bbox 616 737 757 796; x_wconf 83' lang='lat' dir='ltr'>medullis.</span> <span class='ocrx_word' id='word_1_33' title='bbox 1025 741 1067 801; x_wconf 88' lang='grc'><strong>90</strong></span> 
     </span>
     <span class='ocr_line' id='line_1_7' title="bbox 74 815 864 892; baseline 0.003 -20"><span class='ocrx_word' id='word_1_34' title='bbox 74 815 213 891; x_wconf 77' lang='lat' dir='ltr'><strong>Respice,</strong></span> <span class='ocrx_word' id='word_1_35' title='bbox 227 815 295 890; x_wconf 92' lang='lat' dir='ltr'><strong>quid</strong></span> <span class='ocrx_word' id='word_1_36' title='bbox 311 825 445 874; x_wconf 88' lang='lat' dir='ltr'><strong>moneant</strong></span> <span class='ocrx_word' id='word_1_37' title='bbox 458 816 547 892; x_wconf 87' lang='lat' dir='ltr'><strong>leges,</strong></span> <span class='ocrx_word' id='word_1_38' title='bbox 561 816 629 891; x_wconf 91' lang='lat' dir='ltr'><strong>quid</strong></span> <span class='ocrx_word' id='word_1_39' title='bbox 643 816 724 874; x_wconf 88' lang='lat' dir='ltr'><strong>curia</strong></span> <span class='ocrx_word' id='word_1_40' title='bbox 737 818 864 889; x_wconf 86' lang='lat' dir='ltr'><strong>mandet,</strong></span> 
     </span>
    </p>

    <p class='ocr_par' dir='ltr' id='par_1_7' title="bbox 73 892 902 973">
     <span class='ocr_line' id='line_1_8' title="bbox 73 892 902 973; baseline 0.005 -23"><span class='ocrx_word' id='word_1_41' title='bbox 73 893 198 952; x_wconf 80' lang='lat' dir='ltr'><strong>Praemia</strong></span> <span class='ocrx_word' id='word_1_42' title='bbox 210 904 317 968; x_wconf 87' lang='lat' dir='ltr'><strong>quanta</strong></span> <span class='ocrx_word' id='word_1_43' title='bbox 330 893 420 952; x_wconf 91' lang='lat' dir='ltr'><strong>bonos</strong></span> <span class='ocrx_word' id='word_1_44' title='bbox 433 903 578 966; x_wconf 87' lang='lat' dir='ltr'><strong>maneant,</strong></span> <span class='ocrx_word' id='word_1_45' title='bbox 592 892 679 970; x_wconf 80' lang='lat' dir='ltr'><strong>qudnr</strong></span> <span class='ocrx_word' id='word_1_46' title='bbox 695 895 814 954; x_wconf 82' lang='lat' dir='ltr'><strong>fulmine</strong></span> <span class='ocrx_word' id='word_1_47' title='bbox 825 897 902 973; x_wconf 86' lang='lat' dir='ltr'><strong>justo</strong></span> 
     </span>
    </p>

    <p class='ocr_par' dir='ltr' id='par_1_8' title="bbox 73 970 850 1048">
     <span class='ocr_line' id='line_1_9' title="bbox 73 970 850 1048; baseline 0.006 -20"><span class='ocrx_word' id='word_1_48' title='bbox 73 972 112 1030; x_wconf 84' lang='lat' dir='ltr'><strong>Et</strong></span> <span class='ocrx_word' id='word_1_49' title='bbox 126 972 231 1048; x_wconf 85' lang='lat' dir='ltr'><strong>Capito</strong></span> <span class='ocrx_word' id='word_1_50' title='bbox 243 984 273 1030; x_wconf 90' lang='lat' dir='ltr'><strong>et</strong></span> <span class='ocrx_word' id='word_1_51' title='bbox 287 970 421 1030; x_wconf 86' lang='lat' dir='ltr'><strong>Numitor</strong></span> <span class='ocrx_word' id='word_1_52' title='bbox 435 973 555 1044; x_wconf 86' lang='lat' dir='ltr'><strong>rucrint,</strong></span> <span class='ocrx_word' id='word_1_53' title='bbox 569 974 724 1032; x_wconf 84' lang='lat' dir='ltr'><strong>damnante</strong></span> <span class='ocrx_word' id='word_1_54' title='bbox 738 985 850 1048; x_wconf 83' lang='lat' dir='ltr'><strong>senatu,</strong></span> 
     </span>
    </p>

    <p class='ocr_par' dir='ltr' id='par_1_9' title="bbox 74 1049 803 1126">
     <span class='ocr_line' id='line_1_10' title="bbox 74 1049 803 1126; baseline 0.004 -19"><span class='ocrx_word' id='word_1_55' title='bbox 74 1050 179 1108; x_wconf 81' lang='lat' dir='ltr'><strong>Piratae</strong></span> <span class='ocrx_word' id='word_1_56' title='bbox 194 1049 328 1108; x_wconf 89' lang='lat' dir='ltr'><strong>Cilicum.</strong></span> <span class='ocrx_word' id='word_1_57' title='bbox 370 1051 428 1109; x_wconf 89' lang='lat' dir='ltr'><strong>Sed</strong></span> <span class='ocrx_word' id='word_1_58' title='bbox 442 1051 510 1126; x_wconf 95' lang='lat' dir='ltr'><strong>quid</strong></span> <span class='ocrx_word' id='word_1_59' title='bbox 525 1052 670 1110; x_wconf 89' lang='lat' dir='ltr'><strong>damnatio</strong></span> <span class='ocrx_word' id='word_1_60' title='bbox 683 1051 803 1125; x_wconf 82' lang='lat' dir='ltr'><strong>confert,</strong></span> 
     </span>
    </p>

    <p class='ocr_par' dir='ltr' id='par_1_10' title="bbox 73 1128 1068 1286">
     <span class='ocr_line' id='line_1_11' title="bbox 73 1128 1068 1210; baseline 0.008 -25"><span class='ocrx_word' id='word_1_61' title='bbox 73 1129 177 1191; x_wconf 81' lang='lat' dir='ltr'><strong>Quum</strong></span> <span class='ocrx_word' id='word_1_62' title='bbox 191 1128 285 1188; x_wconf 80' lang='lat' dir='ltr'><strong>Pansa</strong></span> <span class='ocrx_word' id='word_1_63' title='bbox 297 1128 409 1204; x_wconf 88' lang='lat' dir='ltr'><strong>eripiat,</strong></span> <span class='ocrx_word' id='word_1_64' title='bbox 422 1130 560 1206; x_wconf 91' lang='lat' dir='ltr'><strong>quidquid</strong></span> <span class='ocrx_word' id='word_1_65' title='bbox 573 1131 625 1188; x_wconf 91' lang='lat' dir='ltr'><strong>tibi</strong></span> <span class='ocrx_word' id='word_1_66' title='bbox 640 1129 729 1190; x_wconf 85' lang='lat' dir='ltr'><strong>Natta</strong></span> <span class='ocrx_word' id='word_1_67' title='bbox 743 1131 880 1210; x_wconf 87' lang='lat' dir='ltr'><strong>reliquitl</strong></span> <span class='ocrx_word' id='word_1_68' title='bbox 1026 1133 1068 1192; x_wconf 75' lang='grc'><strong>95</strong></span> 
     </span>
     <span class='ocr_line' id='line_1_12' title="bbox 74 1205 831 1286; baseline 0.007 -22"><span class='ocrx_word' id='word_1_69' title='bbox 74 1205 253 1280; x_wconf 76' lang='lat' dir='ltr'><strong>Preconem,</strong></span> <span class='ocrx_word' id='word_1_70' title='bbox 267 1206 429 1284; x_wconf 77' lang='lat' dir='ltr'><strong>Chaerippe,</strong></span> <span class='ocrx_word' id='word_1_71' title='bbox 443 1208 499 1266; x_wconf 91' lang='lat' dir='ltr'><strong>tuis</strong></span> <span class='ocrx_word' id='word_1_72' title='bbox 514 1207 704 1285; x_wconf 72' lang='lat' dir='ltr'><strong>circumspice</strong></span> <span class='ocrx_word' id='word_1_73' title='bbox 716 1211 831 1286; x_wconf 84' lang='lat' dir='ltr'><strong>pannis,</strong></span> 
     </span>
    </p>

    <p class='ocr_par' dir='ltr' id='par_1_11' title="bbox 74 1285 934 1363">
     <span class='ocr_line' id='line_1_13' title="bbox 74 1285 934 1363; baseline 0.009 -21"><span class='ocrx_word' id='word_1_74' title='bbox 74 1285 198 1360; x_wconf 82' lang='lat' dir='ltr'><strong>Jamque</strong></span> <span class='ocrx_word' id='word_1_75' title='bbox 212 1297 284 1344; x_wconf 88' lang='lat' dir='ltr'><strong>tace.</strong></span> <span class='ocrx_word' id='word_1_76' title='bbox 325 1285 417 1344; x_wconf 90' lang='lat' dir='ltr'><strong>Furor</strong></span> <span class='ocrx_word' id='word_1_77' title='bbox 431 1298 475 1344; x_wconf 90' lang='lat' dir='ltr'><strong>est</strong></span> <span class='ocrx_word' id='word_1_78' title='bbox 487 1296 551 1362; x_wconf 89' lang='lat' dir='ltr'><strong>post</strong></span> <span class='ocrx_word' id='word_1_79' title='bbox 563 1288 661 1345; x_wconf 88' lang='lat' dir='ltr'><strong>omnia</strong></span> <span class='ocrx_word' id='word_1_80' title='bbox 673 1289 793 1363; x_wconf 78' lang='lat' dir='ltr'><strong>perdere</strong></span> <span class='ocrx_word' id='word_1_81' title='bbox 807 1290 934 1350; x_wconf 84' lang='lat' dir='ltr'><strong>naulum.</strong></span> 
     </span>
    </p>

    <p class='ocr_par' dir='ltr' id='par_1_12' title="bbox 74 1364 828 1444">
     <span class='ocr_line' id='line_1_14' title="bbox 74 1364 828 1444; baseline 0.004 -23"><span class='ocrx_word' id='word_1_82' title='bbox 74 1365 144 1422; x_wconf 92' lang='lat' dir='ltr'><strong>Non</strong></span> <span class='ocrx_word' id='word_1_83' title='bbox 158 1365 234 1421; x_wconf 91' lang='lat' dir='ltr'><strong>idem</strong></span> <span class='ocrx_word' id='word_1_84' title='bbox 248 1364 371 1442; x_wconf 80' lang='lat' dir='ltr'><strong>gemitus</strong></span> <span class='ocrx_word' id='word_1_85' title='bbox 384 1365 463 1437; x_wconf 88' lang='lat' dir='ltr'><strong>olim,</strong></span> <span class='ocrx_word' id='word_1_86' title='bbox 478 1385 571 1440; x_wconf 87' lang='lat' dir='ltr'><strong>neque</strong></span> <span class='ocrx_word' id='word_1_87' title='bbox 586 1365 690 1424; x_wconf 81' lang='lat' dir='ltr'><strong>vulnus</strong></span> <span class='ocrx_word' id='word_1_88' title='bbox 704 1375 765 1424; x_wconf 86' lang='lat' dir='ltr'><strong>erat</strong></span> <span class='ocrx_word' id='word_1_89' title='bbox 777 1387 828 1444; x_wconf 84' lang='lat' dir='ltr'><strong>pur</strong></span> 
     </span>
    </p>

    <p class='ocr_par' dir='ltr' id='par_1_13' title="bbox 74 1441 890 1516">
     <span class='ocr_line' id='line_1_15' title="bbox 74 1441 890 1516; baseline 0.004 -16"><span class='ocrx_word' id='word_1_90' title='bbox 74 1443 263 1516; x_wconf 88' lang='lat' dir='ltr'><strong>Damnorum,</strong></span> <span class='ocrx_word' id='word_1_91' title='bbox 278 1443 365 1502; x_wconf 90' lang='lat' dir='ltr'><strong>sociis</strong></span> <span class='ocrx_word' id='word_1_92' title='bbox 377 1442 544 1500; x_wconf 86' lang='lat' dir='ltr'><strong>florentibus</strong></span> <span class='ocrx_word' id='word_1_93' title='bbox 557 1453 588 1500; x_wconf 90' lang='lat' dir='ltr'><strong>et</strong></span> <span class='ocrx_word' id='word_1_94' title='bbox 599 1441 685 1502; x_wconf 81' lang='lat' dir='ltr'><strong>modb</strong></span> <span class='ocrx_word' id='word_1_95' title='bbox 699 1444 791 1502; x_wconf 88' lang='lat' dir='ltr'><strong>victis.</strong></span> <span class='ocrx_word' id='word_1_96' title='bbox 882 1443 890 1458; x_wconf 82' lang='lat'><strong>&#39;</strong></span> 
     </span>
    </p>

    <p class='ocr_par' dir='ltr' id='par_1_14' title="bbox 74 1521 1069 1676">
     <span class='ocr_line' id='line_1_16' title="bbox 75 1521 1069 1600; baseline 0.004 -22"><span class='ocrx_word' id='word_1_97' title='bbox 75 1521 166 1580; x_wconf 90' lang='lat' dir='ltr'><strong>Plena</strong></span> <span class='ocrx_word' id='word_1_98' title='bbox 179 1522 280 1580; x_wconf 92' lang='lat' dir='ltr'><strong>domus</strong></span> <span class='ocrx_word' id='word_1_99' title='bbox 293 1533 365 1579; x_wconf 90' lang='lat' dir='ltr'><strong>tunc</strong></span> <span class='ocrx_word' id='word_1_100' title='bbox 378 1521 482 1592; x_wconf 90' lang='lat' dir='ltr'><strong>omnis,</strong></span> <span class='ocrx_word' id='word_1_101' title='bbox 496 1531 525 1578; x_wconf 90' lang='lat' dir='ltr'><strong>et</strong></span> <span class='ocrx_word' id='word_1_102' title='bbox 539 1521 642 1597; x_wconf 86' lang='lat' dir='ltr'><strong>ingens</strong></span> <span class='ocrx_word' id='word_1_103' title='bbox 655 1522 747 1579; x_wconf 86' lang='lat' dir='ltr'><strong>stabnt</strong></span> <span class='ocrx_word' id='word_1_104' title='bbox 760 1540 880 1581; x_wconf 81' lang='lat' dir='ltr'><strong>acervus</strong></span> <span class='ocrx_word' id='word_1_105' title='bbox 1011 1524 1069 1600; x_wconf 94' lang='grc'><strong>100</strong></span> 
     </span>
     <span class='ocr_line' id='line_1_17' title="bbox 74 1597 926 1676; baseline 0.004 -18"><span class='ocrx_word' id='word_1_106' title='bbox 74 1600 277 1672; x_wconf 88' lang='lat' dir='ltr'><strong>Nummorum,</strong></span> <span class='ocrx_word' id='word_1_107' title='bbox 290 1601 432 1676; x_wconf 85' lang='lat' dir='ltr'><strong>Spartana</strong></span> <span class='ocrx_word' id='word_1_108' title='bbox 445 1597 583 1676; x_wconf 78' lang='lat' dir='ltr'><strong>chlamys,</strong></span> <span class='ocrx_word' id='word_1_109' title='bbox 594 1598 746 1675; x_wconf 82' lang='lat' dir='ltr'><strong>conchylia</strong></span> <span class='ocrx_word' id='word_1_110' title='bbox 760 1600 831 1675; x_wconf 84' lang='lat' dir='ltr'><strong>Coa,</strong></span> <span class='ocrx_word' id='word_1_111' title='bbox 922 1599 926 1606; x_wconf 83' lang='grc'><strong>’</strong></span> 
     </span>
    </p>

    <p class='ocr_par' dir='ltr' id='par_1_15' title="bbox 74 1678 773 1755">
     <span class='ocr_line' id='line_1_18' title="bbox 74 1678 773 1755; baseline 0.003 -19"><span class='ocrx_word' id='word_1_112' title='bbox 74 1679 195 1737; x_wconf 87' lang='lat' dir='ltr'><strong>Etcum</strong></span> <span class='ocrx_word' id='word_1_113' title='bbox 208 1679 350 1738; x_wconf 88' lang='lat' dir='ltr'><strong>Parrhasii</strong></span> <span class='ocrx_word' id='word_1_114' title='bbox 364 1679 470 1737; x_wconf 90' lang='lat' dir='ltr'><strong>tabulis</strong></span> <span class='ocrx_word' id='word_1_115' title='bbox 483 1678 629 1755; x_wconf 84' lang='lat' dir='ltr'><strong>signisque</strong></span> <span class='ocrx_word' id='word_1_116' title='bbox 643 1678 773 1755; x_wconf 86' lang='lat' dir='ltr'><strong>Myronis</strong></span> 
     </span>
    </p>

    <p class='ocr_par' dir='ltr' id='par_1_16' title="bbox 74 1757 752 1833">
     <span class='ocr_line' id='line_1_19' title="bbox 74 1757 752 1833; baseline 0.004 -18"><span class='ocrx_word' id='word_1_117' title='bbox 74 1758 245 1816; x_wconf 87' lang='lat' dir='ltr'><strong>Phidiacum</strong></span> <span class='ocrx_word' id='word_1_118' title='bbox 259 1757 369 1816; x_wconf 80' lang='lat' dir='ltr'><strong>vivebat</strong></span> <span class='ocrx_word' id='word_1_119' title='bbox 381 1757 461 1831; x_wconf 89' lang='lat' dir='ltr'><strong>ebur,</strong></span> <span class='ocrx_word' id='word_1_120' title='bbox 475 1777 530 1816; x_wconf 90' lang='lat' dir='ltr'><strong>nec</strong></span> <span class='ocrx_word' id='word_1_121' title='bbox 545 1779 603 1818; x_wconf 89' lang='lat' dir='ltr'><strong>non</strong></span> <span class='ocrx_word' id='word_1_122' title='bbox 617 1758 752 1833; x_wconf 84' lang='lat' dir='ltr'><strong>Polycleti</strong></span> 
     </span>
    </p>

    <p class='ocr_par' dir='ltr' id='par_1_17' title="bbox 75 1835 858 1912">
     <span class='ocr_line' id='line_1_20' title="bbox 75 1835 858 1912; baseline 0.005 -18"><span class='ocrx_word' id='word_1_123' title='bbox 75 1836 187 1895; x_wconf 88' lang='lat' dir='ltr'><strong>Multus</strong></span> <span class='ocrx_word' id='word_1_124' title='bbox 200 1837 304 1912; x_wconf 92' lang='lat' dir='ltr'><strong>ubique</strong></span> <span class='ocrx_word' id='word_1_125' title='bbox 317 1836 414 1894; x_wconf 88' lang='lat' dir='ltr'><strong>labor:</strong></span> <span class='ocrx_word' id='word_1_126' title='bbox 435 1855 506 1895; x_wconf 81' lang='lat' dir='ltr'><strong>rarae</strong></span> <span class='ocrx_word' id='word_1_127' title='bbox 520 1835 583 1896; x_wconf 88' lang='lat' dir='ltr'><strong>sine</strong></span> <span class='ocrx_word' id='word_1_128' title='bbox 596 1836 728 1896; x_wconf 86' lang='lat' dir='ltr'><strong>Mentore</strong></span> <span class='ocrx_word' id='word_1_129' title='bbox 742 1855 858 1898; x_wconf 77' lang='lat' dir='ltr'><strong>mense.</strong></span> 
     </span>
    </p>

    <p class='ocr_par' dir='ltr' id='par_1_18' title="bbox 75 1913 1068 2070">
     <span class='ocr_line' id='line_1_21' title="bbox 75 1913 1068 1990; baseline 0.006 -18"><span class='ocrx_word' id='word_1_130' title='bbox 75 1913 150 1974; x_wconf 74' lang='lat' dir='ltr'><strong>Indd</strong></span> <span class='ocrx_word' id='word_1_131' title='bbox 165 1915 314 1974; x_wconf 81' lang='lat' dir='ltr'><strong>Dolabella</strong></span> <span class='ocrx_word' id='word_1_132' title='bbox 326 1925 465 1990; x_wconf 82' lang='lat' dir='ltr'><strong>astatque</strong></span> <span class='ocrx_word' id='word_1_133' title='bbox 479 1915 547 1974; x_wconf 91' lang='lat' dir='ltr'><strong>hinc</strong></span> <span class='ocrx_word' id='word_1_134' title='bbox 561 1917 716 1988; x_wconf 84' lang='lat' dir='ltr'><strong>Antonius,</strong></span> <span class='ocrx_word' id='word_1_135' title='bbox 729 1916 797 1974; x_wconf 87' lang='lat' dir='ltr'><strong>inde</strong></span> <span class='ocrx_word' id='word_1_136' title='bbox 1010 1917 1068 1978; x_wconf 78' lang='lat'><strong>1⁰6</strong></span> 
     </span>
     <span class='ocr_line' id='line_1_22' title="bbox 76 1994 772 2070; baseline 0 -18"><span class='ocrx_word' id='word_1_137' title='bbox 76 1995 242 2070; x_wconf 85' lang='lat' dir='ltr'><strong>Sacrilegus</strong></span> <span class='ocrx_word' id='word_1_138' title='bbox 254 1994 360 2052; x_wconf 89' lang='lat' dir='ltr'><strong>Verres</strong></span> <span class='ocrx_word' id='word_1_139' title='bbox 372 2013 379 2052; x_wconf 75' lang='grc' dir='ltr'>ι</span> <span class='ocrx_word' id='word_1_140' title='bbox 399 1994 560 2052; x_wconf 82' lang='lat' dir='ltr'><strong>referebant</strong></span> <span class='ocrx_word' id='word_1_141' title='bbox 572 1995 695 2053; x_wconf 86' lang='lat' dir='ltr'><strong>naribus</strong></span> <span class='ocrx_word' id='word_1_142' title='bbox 709 1995 772 2053; x_wconf 86' lang='lat' dir='ltr'><strong>altis</strong></span> 
     </span>
    </p>

    <p class='ocr_par' dir='ltr' id='par_1_19' title="bbox 75 2072 777 2150">
     <span class='ocr_line' id='line_1_23' title="bbox 75 2072 777 2150; baseline 0.001 -19"><span class='ocrx_word' id='word_1_143' title='bbox 75 2073 200 2132; x_wconf 83' lang='lat' dir='ltr'><strong>Occulta</strong></span> <span class='ocrx_word' id='word_1_144' title='bbox 214 2074 311 2149; x_wconf 86' lang='lat' dir='ltr'><strong>spolia,</strong></span> <span class='ocrx_word' id='word_1_145' title='bbox 326 2084 355 2132; x_wconf 94' lang='lat' dir='ltr'><strong>et</strong></span> <span class='ocrx_word' id='word_1_146' title='bbox 367 2072 463 2149; x_wconf 87' lang='lat' dir='ltr'><strong>plures</strong></span> <span class='ocrx_word' id='word_1_147' title='bbox 476 2073 514 2130; x_wconf 88' lang='lat' dir='ltr'><strong>de</strong></span> <span class='ocrx_word' id='word_1_148' title='bbox 525 2092 597 2148; x_wconf 89' lang='lat' dir='ltr'><strong>pace</strong></span> <span class='ocrx_word' id='word_1_149' title='bbox 611 2073 777 2150; x_wconf 89' lang='lat' dir='ltr'><strong>triumphos.</strong></span> 
     </span>
    </p>

    <p class='ocr_par' dir='ltr' id='par_1_20' title="bbox 75 2150 914 2229">
     <span class='ocr_line' id='line_1_24' title="bbox 75 2150 914 2229; baseline 0.002 -19"><span class='ocrx_word' id='word_1_150' title='bbox 75 2152 165 2220; x_wconf 84' lang='lat' dir='ltr'><strong>Nunc</strong></span> <span class='ocrx_word' id='word_1_151' title='bbox 179 2153 264 2210; x_wconf 89' lang='lat' dir='ltr'><strong>sociis</strong></span> <span class='ocrx_word' id='word_1_152' title='bbox 273 2152 344 2229; x_wconf 86' lang='lat' dir='ltr'><strong>juga</strong></span> <span class='ocrx_word' id='word_1_153' title='bbox 355 2170 448 2228; x_wconf 86' lang='lat' dir='ltr'><strong>pauca</strong></span> <span class='ocrx_word' id='word_1_154' title='bbox 461 2150 558 2224; x_wconf 91' lang='lat' dir='ltr'><strong>boum,</strong></span> <span class='ocrx_word' id='word_1_155' title='bbox 571 2171 640 2229; x_wconf 81' lang='lat' dir='ltr'><strong>grex</strong></span> <span class='ocrx_word' id='word_1_156' title='bbox 704 2171 755 2210; x_wconf 88' lang='lat' dir='ltr'><strong>vus</strong></span> <span class='ocrx_word' id='word_1_157' title='bbox 768 2170 914 2228; x_wconf 86' lang='lat' dir='ltr'><strong>equarum,</strong></span> 
     </span>
    </p>

    <p class='ocr_par' dir='ltr' id='par_1_21' title="bbox 75 2171 708 2308">
     <span class='ocr_line' id='line_1_25' title="bbox 75 2171 708 2308; baseline 0.005 -20"><span class='ocrx_word' id='word_1_158' title='bbox 75 2231 113 2290; x_wconf 86' lang='lat' dir='ltr'><strong>Et</strong></span> <span class='ocrx_word' id='word_1_159' title='bbox 126 2241 208 2308; x_wconf 90' lang='lat' dir='ltr'><strong>pater</strong></span> <span class='ocrx_word' id='word_1_160' title='bbox 222 2231 341 2290; x_wconf 88' lang='lat' dir='ltr'><strong>armenti</strong></span> <span class='ocrx_word' id='word_1_161' title='bbox 354 2241 438 2306; x_wconf 88' lang='lat' dir='ltr'><strong>capto</strong></span> <span class='ocrx_word' id='word_1_162' title='bbox 450 2230 585 2306; x_wconf 86' lang='lat' dir='ltr'><strong>eripiatur</strong></span> <span class='ocrx_word' id='word_1_163' title='bbox 599 2171 708 2308; x_wconf 47' lang='lat' dir='ltr'><strong>ageilbb</strong></span> 
     </span>
    </p>

    <p class='ocr_par' dir='ltr' id='par_1_22' title="bbox 67 2301 1140 2540">
     <span class='ocr_line' id='line_1_26' title="bbox 67 2301 1104 2386; baseline 0.004 -18"><span class='ocrx_word' id='word_1_164' title='bbox 67 2301 135 2386; x_wconf 88' lang='lat' dir='ltr'><strong>lesi</strong></span> <span class='ocrx_word' id='word_1_165' title='bbox 149 2309 254 2367; x_wconf 89' lang='lat' dir='ltr'><strong>deinde</strong></span> <span class='ocrx_word' id='word_1_166' title='bbox 267 2309 365 2382; x_wconf 81' lang='lat' dir='ltr'><strong>Lares,</strong></span> <span class='ocrx_word' id='word_1_167' title='bbox 379 2311 403 2366; x_wconf 91' lang='lat' dir='ltr'><strong>si</strong></span> <span class='ocrx_word' id='word_1_168' title='bbox 416 2307 492 2384; x_wconf 89' lang='lat' dir='ltr'><strong>quod</strong></span> <span class='ocrx_word' id='word_1_169' title='bbox 505 2311 658 2386; x_wconf 87' lang='lat' dir='ltr'><strong>spectabile</strong></span> <span class='ocrx_word' id='word_1_170' title='bbox 672 2311 796 2386; x_wconf 87' lang='lat' dir='ltr'><strong>siguum,</strong></span> <span class='ocrx_word' id='word_1_171' title='bbox 862 2346 869 2360; x_wconf 82' lang='lat'><em>·</em></span> <span class='ocrx_word' id='word_1_172' title='bbox 938 2355 944 2371; x_wconf 82' lang='lat'>.</span> <span class='ocrx_word' id='word_1_173' title='bbox 964 2359 981 2373; x_wconf 41' lang='lat' dir='ltr'><strong>,r</strong></span> <span class='ocrx_word' id='word_1_174' title='bbox 1009 2311 1067 2376; x_wconf 83' lang='grc'><strong>110</strong></span> <span class='ocrx_word' id='word_1_175' title='bbox 1079 2348 1083 2361; x_wconf 80' lang='lat'>·</span> <span class='ocrx_word' id='word_1_176' title='bbox 1101 2362 1104 2372; x_wconf 94' lang='grc'><em>.</em></span> 
     </span>
     <span class='ocr_line' id='line_1_27' title="bbox 67 2383 1140 2466; baseline -0.002 -20"><span class='ocrx_word' id='word_1_177' title='bbox 67 2391 109 2448; x_wconf 83' lang='lat' dir='ltr'><strong>lSi</strong></span> <span class='ocrx_word' id='word_1_178' title='bbox 122 2389 186 2465; x_wconf 86' lang='lat' dir='ltr'><strong>quis</strong></span> <span class='ocrx_word' id='word_1_179' title='bbox 200 2388 230 2446; x_wconf 90' lang='lat' dir='ltr'><strong>in</strong></span> <span class='ocrx_word' id='word_1_180' title='bbox 245 2388 366 2447; x_wconf 74' lang='lat' dir='ltr'><strong>aediculd</strong></span> <span class='ocrx_word' id='word_1_181' title='bbox 379 2389 451 2447; x_wconf 89' lang='lat' dir='ltr'><strong>deus</strong></span> <span class='ocrx_word' id='word_1_182' title='bbox 464 2389 577 2466; x_wconf 58' lang='lat' dir='ltr'><strong>amicus.</strong></span> <span class='ocrx_word' id='word_1_183' title='bbox 618 2389 693 2446; x_wconf 83' lang='lat' dir='ltr'><strong>Haec</strong></span> <span class='ocrx_word' id='word_1_184' title='bbox 706 2389 814 2448; x_wconf 88' lang='lat' dir='ltr'><strong>etenim</strong></span> <span class='ocrx_word' id='word_1_185' title='bbox 827 2398 894 2446; x_wconf 83' lang='lat' dir='ltr'><strong>sunt</strong></span> <span class='ocrx_word' id='word_1_186' title='bbox 920 2383 976 2442; x_wconf 63' lang='lat' dir='ltr'><strong>aar</strong></span> <span class='ocrx_word' id='word_1_187' title='bbox 992 2415 1015 2444; x_wconf 69' lang='lat' dir='ltr'><strong>:r</strong></span> <span class='ocrx_word' id='word_1_188' title='bbox 1076 2398 1140 2434; x_wconf 62' lang='lat'><strong>=··1·¹</strong></span> 
     </span>
     <span class='ocr_line' id='line_1_28' title="bbox 78 2466 911 2540; baseline -0.001 -16"><span class='ocrx_word' id='word_1_189' title='bbox 78 2467 133 2526; x_wconf 94' lang='lat' dir='ltr'><strong>Pro</strong></span> <span class='ocrx_word' id='word_1_190' title='bbox 147 2467 283 2524; x_wconf 88' lang='lat' dir='ltr'><strong>summis:</strong></span> <span class='ocrx_word' id='word_1_191' title='bbox 304 2486 371 2524; x_wconf 89' lang='lat' dir='ltr'><strong>nam</strong></span> <span class='ocrx_word' id='word_1_192' title='bbox 385 2476 452 2524; x_wconf 90' lang='lat' dir='ltr'><strong>sunt</strong></span> <span class='ocrx_word' id='word_1_193' title='bbox 465 2467 528 2524; x_wconf 79' lang='lat' dir='ltr'><strong>hacc</strong></span> <span class='ocrx_word' id='word_1_194' title='bbox 542 2467 675 2524; x_wconf 79' lang='lat' dir='ltr'><strong>maxima.</strong></span> <span class='ocrx_word' id='word_1_195' title='bbox 716 2466 865 2540; x_wconf 83' lang='lat' dir='ltr'><strong>Despicias</strong></span> <span class='ocrx_word' id='word_1_196' title='bbox 878 2475 911 2523; x_wconf 85' lang='lat' dir='ltr'><strong>tu</strong></span> 
     </span>
    </p>

    <p class='ocr_par' dir='ltr' id='par_1_23' title="bbox 76 2543 881 2620">
     <span class='ocr_line' id='line_1_29' title="bbox 76 2543 881 2620; baseline -0.004 -17"><span class='ocrx_word' id='word_1_197' title='bbox 76 2547 209 2605; x_wconf 82' lang='lat' dir='ltr'><strong>Forsitan</strong></span> <span class='ocrx_word' id='word_1_198' title='bbox 223 2545 351 2604; x_wconf 84' lang='lat' dir='ltr'><strong>imbelles</strong></span> <span class='ocrx_word' id='word_1_199' title='bbox 364 2545 506 2616; x_wconf 86' lang='lat' dir='ltr'><strong>Rhodios,</strong></span> <span class='ocrx_word' id='word_1_200' title='bbox 520 2555 692 2620; x_wconf 89' lang='lat' dir='ltr'><strong>unctamque</strong></span> <span class='ocrx_word' id='word_1_201' title='bbox 703 2543 881 2602; x_wconf 86' lang='lat' dir='ltr'><strong>Corinthon:</strong></span> 
     </span>
    </p>

    <p class='ocr_par' dir='ltr' id='par_1_24' title="bbox 76 2621 763 2702">
     <span class='ocr_line' id='line_1_30' title="bbox 76 2621 763 2702; baseline -0.003 -20"><span class='ocrx_word' id='word_1_202' title='bbox 76 2625 227 2702; x_wconf 89' lang='lat' dir='ltr'><strong>Despicias</strong></span> <span class='ocrx_word' id='word_1_203' title='bbox 239 2621 350 2683; x_wconf 85' lang='lat' dir='ltr'><strong>meritd.</strong></span> <span class='ocrx_word' id='word_1_204' title='bbox 389 2623 472 2686; x_wconf 81' lang='lat' dir='ltr'><strong>Quid</strong></span> <span class='ocrx_word' id='word_1_205' title='bbox 486 2623 609 2682; x_wconf 86' lang='lat' dir='ltr'><strong>resinata</strong></span> <span class='ocrx_word' id='word_1_206' title='bbox 619 2622 763 2700; x_wconf 85' lang='lat' dir='ltr'><strong>juventus,</strong></span> 
     </span>
    </p>

    <p class='ocr_par' dir='ltr' id='par_1_25' title="bbox 76 2701 1067 2857">
     <span class='ocr_line' id='line_1_31' title="bbox 76 2701 1067 2780; baseline -0.001 -19"><span class='ocrx_word' id='word_1_207' title='bbox 76 2704 223 2780; x_wconf 87' lang='lat' dir='ltr'><strong>Cruraque</strong></span> <span class='ocrx_word' id='word_1_208' title='bbox 236 2704 322 2761; x_wconf 88' lang='lat' dir='ltr'><strong>totius</strong></span> <span class='ocrx_word' id='word_1_209' title='bbox 336 2703 441 2762; x_wconf 86' lang='lat' dir='ltr'><strong>sacient</strong></span> <span class='ocrx_word' id='word_1_210' title='bbox 455 2702 506 2762; x_wconf 88' lang='lat' dir='ltr'><strong>tibi</strong></span> <span class='ocrx_word' id='word_1_211' title='bbox 519 2702 592 2760; x_wconf 87' lang='lat' dir='ltr'><strong>levia</strong></span> <span class='ocrx_word' id='word_1_212' title='bbox 606 2702 722 2778; x_wconf 86' lang='lat' dir='ltr'><strong>gentisl</strong></span> <span class='ocrx_word' id='word_1_213' title='bbox 1009 2701 1067 2760; x_wconf 82' lang='lat'><strong>115</strong></span> 
     </span>
     <span class='ocr_line' id='line_1_32' title="bbox 77 2781 779 2857; baseline 0 -17"><span class='ocrx_word' id='word_1_214' title='bbox 77 2782 203 2842; x_wconf 86' lang='lat' dir='ltr'><strong>Horrida</strong></span> <span class='ocrx_word' id='word_1_215' title='bbox 217 2782 331 2839; x_wconf 85' lang='lat' dir='ltr'><strong>vitanda</strong></span> <span class='ocrx_word' id='word_1_216' title='bbox 344 2791 388 2839; x_wconf 84' lang='lat' dir='ltr'><strong>est</strong></span> <span class='ocrx_word' id='word_1_217' title='bbox 402 2782 552 2857; x_wconf 88' lang='lat' dir='ltr'><strong>Hispania,</strong></span> <span class='ocrx_word' id='word_1_218' title='bbox 566 2783 695 2842; x_wconf 89' lang='lat' dir='ltr'><strong>Gallicus</strong></span> <span class='ocrx_word' id='word_1_219' title='bbox 708 2781 779 2856; x_wconf 81' lang='lat' dir='ltr'><strong>axis,</strong></span> 
     </span>
    </p>

    <p class='ocr_par' dir='ltr' id='par_1_26' title="bbox 76 2861 795 2938">
     <span class='ocr_line' id='line_1_33' title="bbox 76 2861 795 2938; baseline 0 -20"><span class='ocrx_word' id='word_1_220' title='bbox 76 2861 279 2938; x_wconf 90' lang='lat' dir='ltr'><strong>Illyricumque</strong></span> <span class='ocrx_word' id='word_1_221' title='bbox 292 2861 386 2918; x_wconf 89' lang='lat' dir='ltr'><strong>latus:</strong></span> <span class='ocrx_word' id='word_1_222' title='bbox 406 2879 491 2937; x_wconf 88' lang='lat' dir='ltr'><strong>parce</strong></span> <span class='ocrx_word' id='word_1_223' title='bbox 501 2872 531 2920; x_wconf 91' lang='lat' dir='ltr'><strong>et</strong></span> <span class='ocrx_word' id='word_1_224' title='bbox 544 2862 715 2922; x_wconf 88' lang='lat' dir='ltr'><strong>messoribus</strong></span> <span class='ocrx_word' id='word_1_225' title='bbox 729 2861 795 2934; x_wconf 89' lang='lat' dir='ltr'><strong>illis,</strong></span> 
     </span>
    </p>

    <p class='ocr_par' dir='ltr' id='par_1_27' title="bbox 75 2939 837 3016">
     <span class='ocr_line' id='line_1_34' title="bbox 75 2939 837 3016; baseline -0.005 -14"><span class='ocrx_word' id='word_1_226' title='bbox 75 2941 138 3002; x_wconf 78' lang='lat' dir='ltr'><strong>Qui</strong></span> <span class='ocrx_word' id='word_1_227' title='bbox 152 2949 280 2998; x_wconf 88' lang='lat' dir='ltr'><strong>saturant</strong></span> <span class='ocrx_word' id='word_1_228' title='bbox 293 2939 402 3012; x_wconf 88' lang='lat' dir='ltr'><strong>urbem,</strong></span> <span class='ocrx_word' id='word_1_229' title='bbox 416 2939 503 2998; x_wconf 86' lang='lat' dir='ltr'><strong>Circo</strong></span> <span class='ocrx_word' id='word_1_230' title='bbox 516 2957 665 3016; x_wconf 71' lang='lat' dir='ltr'><strong>scenaque</strong></span> <span class='ocrx_word' id='word_1_231' title='bbox 678 2951 837 2998; x_wconf 86' lang='lat' dir='ltr'><strong>vacantem.</strong></span> 
     </span>
    </p>

    <p class='ocr_par' dir='ltr' id='par_1_28' title="bbox 75 3015 868 3093">
     <span class='ocr_line' id='line_1_35' title="bbox 75 3015 868 3093; baseline -0.009 -14"><span class='ocrx_word' id='word_1_232' title='bbox 75 3019 196 3080; x_wconf 77' lang='lat' dir='ltr'><strong>Quanta</strong></span> <span class='ocrx_word' id='word_1_233' title='bbox 207 3027 301 3075; x_wconf 90' lang='lat' dir='ltr'><strong>autem</strong></span> <span class='ocrx_word' id='word_1_234' title='bbox 315 3019 383 3076; x_wconf 91' lang='lat' dir='ltr'><strong>inde</strong></span> <span class='ocrx_word' id='word_1_235' title='bbox 398 3018 541 3075; x_wconf 83' lang='lat' dir='ltr'><strong>forestam</strong></span> <span class='ocrx_word' id='word_1_236' title='bbox 556 3019 625 3075; x_wconf 82' lang='lat' dir='ltr'><strong>dirae</strong></span> <span class='ocrx_word' id='word_1_237' title='bbox 639 3018 755 3093; x_wconf 79' lang='lat' dir='ltr'><strong>premia</strong></span> <span class='ocrx_word' id='word_1_238' title='bbox 766 3015 868 3090; x_wconf 72' lang='lat' dir='ltr'><strong>culpa,</strong></span> 
     </span>
    </p>

    <p class='ocr_par' dir='ltr' id='par_1_29' title="bbox 75 3091 1067 3250">
     <span class='ocr_line' id='line_1_36' title="bbox 75 3091 1067 3171; baseline -0.008 -13"><span class='ocrx_word' id='word_1_239' title='bbox 75 3098 177 3159; x_wconf 79' lang='lat' dir='ltr'><strong>Quum</strong></span> <span class='ocrx_word' id='word_1_240' title='bbox 192 3108 292 3154; x_wconf 88' lang='lat' dir='ltr'><strong>tenues</strong></span> <span class='ocrx_word' id='word_1_241' title='bbox 305 3114 396 3171; x_wconf 90' lang='lat' dir='ltr'><strong>nuper</strong></span> <span class='ocrx_word' id='word_1_242' title='bbox 410 3094 521 3152; x_wconf 85' lang='lat' dir='ltr'><strong>Marius</strong></span> <span class='ocrx_word' id='word_1_243' title='bbox 534 3094 700 3151; x_wconf 85' lang='lat' dir='ltr'><strong>discinxerit</strong></span> <span class='ocrx_word' id='word_1_244' title='bbox 713 3093 821 3150; x_wconf 81' lang='lat' dir='ltr'><strong>Afrost</strong></span> <span class='ocrx_word' id='word_1_245' title='bbox 1009 3091 1067 3151; x_wconf 75' lang='lat' dir='ltr'><strong>tao</strong></span> 
     </span>
     <span class='ocr_line' id='line_1_37' title="bbox 76 3169 759 3250; baseline -0.012 -16"><span class='ocrx_word' id='word_1_246' title='bbox 76 3175 245 3234; x_wconf 84' lang='lat' dir='ltr'><strong>Curandum</strong></span> <span class='ocrx_word' id='word_1_247' title='bbox 259 3175 288 3232; x_wconf 93' lang='lat' dir='ltr'><strong>in</strong></span> <span class='ocrx_word' id='word_1_248' title='bbox 303 3173 411 3250; x_wconf 85' lang='lat' dir='ltr'><strong>primis,</strong></span> <span class='ocrx_word' id='word_1_249' title='bbox 425 3191 462 3228; x_wconf 91' lang='lat' dir='ltr'><strong>uc</strong></span> <span class='ocrx_word' id='word_1_250' title='bbox 476 3189 580 3246; x_wconf 85' lang='lat' dir='ltr'><strong>magna</strong></span> <span class='ocrx_word' id='word_1_251' title='bbox 593 3169 696 3246; x_wconf 89' lang='lat' dir='ltr'><strong>injuria</strong></span> <span class='ocrx_word' id='word_1_252' title='bbox 709 3169 759 3227; x_wconf 84' lang='lat' dir='ltr'><strong>frat</strong></span> 
     </span>
    </p>

    <p class='ocr_par' dir='ltr' id='par_1_30' title="bbox 76 3245 997 3408">
     <span class='ocr_line' id='line_1_38' title="bbox 76 3245 997 3324; baseline -0.004 -12"><span class='ocrx_word' id='word_1_253' title='bbox 76 3254 210 3313; x_wconf 84' lang='lat' dir='ltr'><strong>Fortibus</strong></span> <span class='ocrx_word' id='word_1_254' title='bbox 223 3265 252 3310; x_wconf 88' lang='lat' dir='ltr'><strong>et</strong></span> <span class='ocrx_word' id='word_1_255' title='bbox 265 3251 384 3311; x_wconf 87' lang='lat' dir='ltr'><strong>miseris.</strong></span> <span class='ocrx_word' id='word_1_256' title='bbox 426 3247 525 3308; x_wconf 89' lang='lat' dir='ltr'><strong>Tollas</strong></span> <span class='ocrx_word' id='word_1_257' title='bbox 538 3245 716 3322; x_wconf 71' lang='lat' dir='ltr'><strong>beatamne,</strong></span> <span class='ocrx_word' id='word_1_258' title='bbox 730 3247 805 3324; x_wconf 92' lang='lat' dir='ltr'><strong>quod</strong></span> <span class='ocrx_word' id='word_1_259' title='bbox 819 3265 939 3323; x_wconf 88' lang='lat' dir='ltr'><strong>usquam</strong></span> <span class='ocrx_word' id='word_1_260' title='bbox 952 3258 997 3308; x_wconf 80' lang='lat' dir='ltr'><strong>est</strong></span> 
     </span>
     <span class='ocr_line' id='line_1_39' title="bbox 76 3327 957 3408; baseline -0.01 -18"><span class='ocrx_word' id='word_1_261' title='bbox 76 3333 151 3390; x_wconf 93' lang='lat' dir='ltr'><strong>Auri</strong></span> <span class='ocrx_word' id='word_1_262' title='bbox 165 3342 249 3408; x_wconf 71' lang='lat' dir='ltr'><strong>cuque</strong></span> <span class='ocrx_word' id='word_1_263' title='bbox 263 3329 373 3407; x_wconf 87' lang='lat' dir='ltr'><strong>argenti</strong></span> <span class='ocrx_word' id='word_1_264' title='bbox 385 3349 393 3400; x_wconf 89' lang='lat'>;</span> <span class='ocrx_word' id='word_1_265' title='bbox 414 3338 526 3388; x_wconf 87' lang='lat' dir='ltr'><strong>scutum</strong></span> <span class='ocrx_word' id='word_1_266' title='bbox 541 3327 723 3405; x_wconf 81' lang='lat' dir='ltr'><strong>gladiumque</strong></span> <span class='ocrx_word' id='word_1_267' title='bbox 736 3327 889 3406; x_wconf 88' lang='lat' dir='ltr'><strong>relinques,</strong></span> <span class='ocrx_word' id='word_1_268' title='bbox 954 3373 957 3381; x_wconf 95' lang='lat'><em>.</em></span> 
     </span>
    </p>

    <p class='ocr_par' dir='ltr' id='par_1_31' title="bbox 75 3407 1067 3640">
     <span class='ocr_line' id='line_1_40' title="bbox 75 3407 972 3488; baseline -0.008 -19"><span class='ocrx_word' id='word_1_269' title='bbox 75 3410 115 3469; x_wconf 90' lang='lat' dir='ltr'><strong>Et</strong></span> <span class='ocrx_word' id='word_1_270' title='bbox 125 3410 222 3488; x_wconf 85' lang='lat' dir='ltr'><strong>jacula</strong></span> <span class='ocrx_word' id='word_1_271' title='bbox 235 3421 264 3468; x_wconf 90' lang='lat' dir='ltr'><strong>et</strong></span> <span class='ocrx_word' id='word_1_272' title='bbox 276 3411 385 3486; x_wconf 69' lang='lat' dir='ltr'><strong>galeam</strong></span> <span class='ocrx_word' id='word_1_273' title='bbox 398 3428 405 3466; x_wconf 77' lang='grc' dir='ltr'><strong><em>ε</em></strong></span> <span class='ocrx_word' id='word_1_274' title='bbox 426 3407 551 3486; x_wconf 89' lang='lat' dir='ltr'><strong>spoliatis</strong></span> <span class='ocrx_word' id='word_1_275' title='bbox 565 3427 644 3468; x_wconf 89' lang='lat' dir='ltr'><strong>arma</strong></span> <span class='ocrx_word' id='word_1_276' title='bbox 656 3419 815 3486; x_wconf 85' lang='lat' dir='ltr'><strong>supersunt</strong></span> <span class='ocrx_word' id='word_1_277' title='bbox 841 3409 856 3465; x_wconf 72' lang='lat' dir='ltr'><strong>&#39;r</strong></span> <span class='ocrx_word' id='word_1_278' title='bbox 866 3409 972 3468; x_wconf 56' lang='lat' dir='ltr'><strong>duriti</strong></span> 
     </span>
     <span class='ocr_line' id='line_1_41' title="bbox 75 3483 1067 3564; baseline -0.008 -14"><span class='ocrx_word' id='word_1_279' title='bbox 75 3491 165 3551; x_wconf 80' lang='lat' dir='ltr'><strong>Quod</strong></span> <span class='ocrx_word' id='word_1_280' title='bbox 180 3486 265 3546; x_wconf 83' lang='lat' dir='ltr'><strong>modd</strong></span> <span class='ocrx_word' id='word_1_281' title='bbox 279 3488 420 3564; x_wconf 88' lang='lat' dir='ltr'><strong>proposui,</strong></span> <span class='ocrx_word' id='word_1_282' title='bbox 434 3508 492 3546; x_wconf 88' lang='lat' dir='ltr'><strong>non</strong></span> <span class='ocrx_word' id='word_1_283' title='bbox 505 3499 549 3546; x_wconf 84' lang='lat' dir='ltr'><strong>est</strong></span> <span class='ocrx_word' id='word_1_284' title='bbox 562 3489 720 3546; x_wconf 85' lang='lat' dir='ltr'><strong>sententia:</strong></span> <span class='ocrx_word' id='word_1_285' title='bbox 741 3485 840 3546; x_wconf 76' lang='lat' dir='ltr'><strong>rerum</strong></span> <span class='ocrx_word' id='word_1_286' title='bbox 1008 3483 1067 3542; x_wconf 72' lang='lat' dir='ltr'><strong>lac</strong></span> 
     </span>
     <span class='ocr_line' id='line_1_42' title="bbox 76 3565 983 3640; baseline -0.009 -14"><span class='ocrx_word' id='word_1_287' title='bbox 76 3567 205 3640; x_wconf 84' lang='lat' dir='ltr'><strong>Credite,</strong></span> <span class='ocrx_word' id='word_1_288' title='bbox 218 3585 265 3624; x_wconf 91' lang='lat' dir='ltr'><strong>me</strong></span> <span class='ocrx_word' id='word_1_289' title='bbox 279 3566 357 3623; x_wconf 87' lang='lat' dir='ltr'><strong>vobis</strong></span> <span class='ocrx_word' id='word_1_290' title='bbox 371 3567 467 3624; x_wconf 86' lang='lat' dir='ltr'><strong>folium</strong></span> <span class='ocrx_word' id='word_1_291' title='bbox 481 3567 600 3624; x_wconf 88' lang='lat' dir='ltr'><strong>recitare</strong></span> <span class='ocrx_word' id='word_1_292' title='bbox 612 3565 737 3639; x_wconf 84' lang='lat' dir='ltr'><strong>Sibyttae.</strong></span> <span class='ocrx_word' id='word_1_293' title='bbox 971 3575 983 3590; x_wconf 65' lang='lat'>⁸</span> 
     </span>
    </p>

    <p class='ocr_par' dir='ltr' id='par_1_32' title="bbox 78 3639 842 3717">
     <span class='ocr_line' id='line_1_43' title="bbox 78 3639 842 3717; baseline -0.008 -13"><span class='ocrx_word' id='word_1_294' title='bbox 78 3647 111 3704; x_wconf 87' lang='lat' dir='ltr'><strong>Si</strong></span> <span class='ocrx_word' id='word_1_295' title='bbox 126 3647 178 3704; x_wconf 90' lang='lat' dir='ltr'><strong>tibi</strong></span> <span class='ocrx_word' id='word_1_296' title='bbox 192 3656 292 3703; x_wconf 84' lang='lat' dir='ltr'><strong>sancta</strong></span> <span class='ocrx_word' id='word_1_297' title='bbox 306 3644 406 3699; x_wconf 91' lang='lat' dir='ltr'><strong>cohors</strong></span> <span class='ocrx_word' id='word_1_298' title='bbox 420 3645 567 3717; x_wconf 87' lang='lat' dir='ltr'><strong>comitum,</strong></span> <span class='ocrx_word' id='word_1_299' title='bbox 582 3644 606 3700; x_wconf 91' lang='lat' dir='ltr'><strong>si</strong></span> <span class='ocrx_word' id='word_1_300' title='bbox 620 3661 706 3699; x_wconf 86' lang='lat' dir='ltr'><strong>uerno</strong></span> <span class='ocrx_word' id='word_1_301' title='bbox 719 3639 842 3698; x_wconf 83' lang='lat' dir='ltr'><strong>tribunal</strong></span> 
     </span>
    </p>

    <p class='ocr_par' dir='ltr' id='par_1_33' title="bbox 78 3717 1049 3883">
     <span class='ocr_line' id='line_1_44' title="bbox 80 3717 1040 3799; baseline -0.007 -16"><span class='ocrx_word' id='word_1_302' title='bbox 80 3725 188 3783; x_wconf 89' lang='lat' dir='ltr'><strong>Vendit</strong></span> <span class='ocrx_word' id='word_1_303' title='bbox 200 3725 420 3792; x_wconf 86' lang='lat' dir='ltr'><strong>Acersecomes,</strong></span> <span class='ocrx_word' id='word_1_304' title='bbox 434 3722 457 3777; x_wconf 88' lang='lat' dir='ltr'><strong>si</strong></span> <span class='ocrx_word' id='word_1_305' title='bbox 471 3723 581 3778; x_wconf 90' lang='lat' dir='ltr'><strong>nullum</strong></span> <span class='ocrx_word' id='word_1_306' title='bbox 595 3721 625 3776; x_wconf 90' lang='lat' dir='ltr'><strong>in</strong></span> <span class='ocrx_word' id='word_1_307' title='bbox 639 3717 761 3796; x_wconf 84' lang='lat' dir='ltr'><strong>conjuge</strong></span> <span class='ocrx_word' id='word_1_308' title='bbox 774 3717 884 3778; x_wconf 86' lang='lat' dir='ltr'><strong>crimen</strong></span> <span class='ocrx_word' id='word_1_309' title='bbox 909 3727 915 3738; x_wconf 88' lang='grc'><strong>’</strong></span> <span class='ocrx_word' id='word_1_310' title='bbox 950 3731 1040 3799; x_wconf 40' lang='lat' dir='ltr'><strong>„na-</strong></span> 
     </span>
     <span class='ocr_line' id='line_1_45' title="bbox 78 3782 1049 3883; baseline -0.003 -18"><span class='ocrx_word' id='word_1_311' title='bbox 78 3803 144 3866; x_wconf 66' lang='lat' dir='ltr'><strong>Nec</strong></span> <span class='ocrx_word' id='word_1_312' title='bbox 157 3822 208 3882; x_wconf 90' lang='lat' dir='ltr'><strong>per</strong></span> <span class='ocrx_word' id='word_1_313' title='bbox 222 3810 382 3883; x_wconf 79' lang='lat' dir='ltr'><strong>conventus</strong></span> <span class='ocrx_word' id='word_1_314' title='bbox 395 3809 424 3856; x_wconf 90' lang='lat' dir='ltr'><strong>et</strong></span> <span class='ocrx_word' id='word_1_315' title='bbox 437 3809 542 3856; x_wconf 89' lang='lat' dir='ltr'><strong>cuncta</strong></span> <span class='ocrx_word' id='word_1_316' title='bbox 556 3817 606 3876; x_wconf 89' lang='lat' dir='ltr'><strong>per</strong></span> <span class='ocrx_word' id='word_1_317' title='bbox 616 3797 720 3875; x_wconf 93' lang='lat' dir='ltr'><strong>oppida</strong></span> <span class='ocrx_word' id='word_1_318' title='bbox 733 3798 826 3858; x_wconf 85' lang='lat' dir='ltr'><strong>curvis</strong></span> <span class='ocrx_word' id='word_1_319' title='bbox 927 3782 1049 3862; x_wconf 52' lang='lat' dir='ltr'><strong>limiti</strong></span> 
     </span>
    </p>
   </div>
   <div class='ocr_carea' id='block_1_3' title="bbox 0 0 1256 4274">
    <p class='ocr_par' dir='ltr' id='par_1_34' title="bbox 0 0 1256 4274">
     <span class='ocr_line' id='line_1_46' title="bbox 0 0 1256 4274; baseline 0 0"><span class='ocrx_word' id='word_1_320' title='bbox 0 0 1256 4274; x_wconf 95' lang='lat' dir='ltr'><strong> </strong></span> 
     </span>
    </p>
   </div>
  </div>
 </body>
</html>
