2494 4274
153 253 194 318 32
466 249 498 298 D.
515 247 612 298 JUNII
629 247 824 298 Juvurtntrs

154 392 222 451 Non
237 391 340 450 habeat
352 402 490 463 matrona,
504 391 556 449 tibi
569 409 632 466 que
643 391 744 467 juncta
757 389 908 461 recumbit,

154 470 279 528 Ih'cendi
293 488 395 546 genus,
409 481 460 527 aut
474 481 587 528 curtum
601 487 730 527 sermone
744 479 835 526 rotato

154 549 301 623 Torqueat
313 551 504 625 enthymema,
518 566 573 606 nec
588 548 717 606 historias
730 548 802 604 sciat
814 565 931 616 omnem

155 629 213 686 Sed
227 629 358 704 quaedam
371 646 407 686 err
419 627 499 684 libris
512 638 541 684 et
555 644 611 683 non
627 626 773 700 intelligat.
815 624 873 682 Odi

155 707 241 764 lianc
254 725 318 782 ego,
332 725 395 783 quae
410 705 511 782 repetit
525 704 664 779 volvitque
678 703 848 762 Palaemonis
861 714 961 776 artem,

155 785 272 843 Servati
286 803 397 862 semper
411 785 474 861 lege
488 795 518 842 et
530 783 639 842 ratione
649 782 793 857 loquendi,

154 862 169 920 I
210 874 326 937 otosque
340 865 410 920 mibi
423 873 502 920 tenet
515 861 674 937 antiquaria
687 879 794 934 versus,

185 959 220 998 ec
234 942 361 1000 curanda
373 941 440 1000 viris
453 942 543 1016 opicae
557 941 677 1016 castigat
692 940 791 998 amicae

154 1019 258 1077 Verba.
300 1019 501 1088 Soloecismum
512 1019 597 1076 liceat
608 1018 709 1076 iecisse
720 1019 828 1076 marito.

194 1097 243 1156 Nil
258 1118 316 1157 non
329 1099 464 1174 permittit
477 1097 579 1155 mulier
593 1097 656 1169 sibi,
671 1108 751 1173 turpe
763 1107 843 1173 putat
855 1098 907 1169 nil,

153 1174 257 1238 Quum
270 1177 375 1235 virides
388 1195 515 1253 gemmas
529 1176 602 1234 collo
620 1176 817 1247 circumdedit,
831 1188 861 1235 et
873 1193 961 1252 quum

154 1255 283 1317 Auribus
296 1257 418 1314 extentis
431 1274 549 1332 magnos
562 1255 704 1313 commisit
717 1254 860 1312 elenchos.
882 1291 884 1298 ›
948 1291 951 1298 ι

155 1332 363 1392 Intolerabilius
376 1335 447 1392 nihil
462 1345 514 1406 est,
528 1331 613 1409 qudm
627 1333 742 1390 foemina
756 1334 842 1391 dives.

194 1412 309 1472 Interea
323 1414 398 1470 foeda
410 1425 527 1490 aspectu
541 1413 715 1486 ridendaque
734 1413 823 1470 multo

155 1491 233 1550 Pane
247 1503 338 1550 tumet
351 1493 452 1566 facies,
462 1505 511 1550 aut
523 1491 642 1569 pinguia
655 1491 816 1567 Poppaeana

155 1571 260 1647 Spirat,
275 1583 303 1629 et
317 1571 385 1628 hinc
399 1571 495 1629 miseri
509 1571 651 1627 viscantur
666 1570 744 1626 labra
757 1569 859 1626 meriti.

155 1651 204 1707 Ad
218 1651 363 1706 moecbum
376 1650 470 1707 veniet
483 1649 540 1706 tort
554 1658 627 1704 cute.
669 1647 796 1708 Quando
810 1647 898 1705 videri

155 1727 226 1784 Vult
236 1727 357 1785 formosa
370 1727 466 1784 dornil
486 1726 605 1783 moechis
619 1725 713 1784 foliata
727 1737 868 1802 parantur.

156 1804 212 1862 His
224 1806 336 1877 emitur,
350 1805 486 1881 quidquid
500 1805 619 1881 graciles
633 1806 689 1861 buc
703 1805 813 1862 mittitis
826 1803 901 1864 Indi.

155 1882 289 1942 Tandem
303 1883 524 1960 aperitvultum,
537 1895 566 1940 et
580 1884 698 1941 tectoria
707 1884 798 1960 prima
810 1883 939 1960 reponit:

155 1961 263 2038 Incipit
276 1963 403 2040 agnosci,
418 1975 502 2039 atque
516 1963 564 2020 illo
574 1961 648 2020 lacte
664 1963 782 2034 fovetur,

155 2040 273 2119 Propter
286 2044 361 2117 quod
375 2061 474 2100 secum
487 2042 607 2100 comites
618 2041 715 2099 educit
729 2043 840 2113 asellas,

155 2118 245 2177 Exsul
260 2121 476 2197 Hyperboreum
492 2121 515 2177 si
530 2120 686 2178 dimittatur
700 2122 735 2178 ad
751 2139 841 2180 axem.
882 2119 885 2124 ’

156 2199 215 2254 Sed
228 2217 291 2274 quae
305 2199 420 2258 mutatis
433 2198 578 2256 inducitur
602 2211 686 2274 atque
700 2200 808 2258 fovetur
903 2243 905 2248 s

156 2275 216 2334 Tot
228 2275 476 2349 medicaminibus,
490 2286 636 2352 coctaeque
650 2277 770 2354 siliginis
782 2277 853 2336 offas

155 2355 272 2431 Accipit
285 2366 314 2414 et
327 2357 459 2428 madide‚
475 2356 561 2414 facies
574 2357 695 2428 dicetur,
710 2375 746 2414 an
761 2358 862 2414 ulcusl

195 2434 247 2492 Est
260 2436 381 2511 pretium
396 2454 483 2507 cure,
495 2432 610 2512 penitirs
623 2455 806 2511 cognoscere,
820 2446 879 2494 toto

154 2512 237 2574 Quid
252 2515 357 2574 melent
370 2516 531 2591 agitentque
545 2515 600 2574 die.
643 2517 674 2573 Si
687 2526 770 2573 nocte
783 2515 901 2572 maritus

155 2593 282 2650 Aversus
293 2594 399 2668 jacuit;
420 2595 503 2668 periit
516 2593 640 2663 libraria,
653 2604 764 2668 ponunt

155 2670 297 2729 Cosmetre
311 2673 433 2742 tunicas,
447 2669 527 2728 tarde
542 2671 652 2728 venisse
666 2670 812 2728 Liburnus

155 2747 278 2819 Dicitur,
293 2761 322 2806 et
335 2767 434 2824 poenas
447 2749 532 2805 alieni
545 2750 669 2823 pendere
683 2749 775 2806 somni

155 2825 291 2902 Cogitur:
313 2828 360 2884 hic
374 2827 476 2902 frangit
490 2826 602 2898 ferulas,
617 2828 700 2884 rubet
712 2827 759 2886 ille
774 2826 901 2903 flagellis,

155 2904 214 2962 llic
228 2906 356 2964 scuticd:
377 2918 453 2977 sunt,
467 2922 530 2980 quae
543 2905 695 2963 tortoribus
709 2925 805 2963 annue
817 2917 961 2981 prestent.

156 2984 303 3057 Verberat,
317 2997 400 3061 atque
413 2985 503 3043 obiter
517 2984 619 3042 faciem
633 2984 711 3053 linit3
734 2985 812 3043 audit
827 2983 942 3058 amicas,

155 3065 217 3121 Aut
230 3064 319 3122 latum
332 3064 415 3142 pictae
429 3064 514 3122 vestis
527 3065 686 3123 considerat
700 3082 811 3137 aurum,

155 3141 193 3200 Et
207 3145 310 3215 caedit3
331 3145 408 3220 longi
422 3144 523 3220 relegit
535 3157 693 3202 transversa
706 3144 812 3216 diurni,
825 3187 828 3194 .

156 3219 194 3278 Et
207 3222 303 3294 cedit,
317 3223 409 3279 donec
423 3221 504 3278 lassis
518 3223 704 3291 cedentibus,
717 3221 790 3278 EXI

155 3297 272 3355 Intonet
286 3294 466 3367 horrendum,
478 3298 537 3370 jam
552 3298 714 3371 cognitione
728 3298 852 3370 peracte.

195 3374 368 3432 Praefectura
381 3373 482 3430 domim
496 3373 595 3430 Sicula
610 3392 667 3429 non
682 3374 774 3431 mitior
788 3375 863 3431 auli.

155 3454 234 3512 Nam
245 3453 268 3511 si
282 3451 429 3510 constituit
453 3451 589 3525 solitoque
603 3450 753 3510 decentiris
766 3463 844 3527 optat

155 3534 270 3606 Ornari,
285 3543 314 3590 ct
326 3539 465 3608 properat,
476 3529 590 3606 jamque
604 3541 782 3604 exspectatur
793 3531 823 3590 in
837 3531 934 3606 hortis,

156 3613 219 3670 Aut
231 3613 305 3689 apud
319 3610 420 3669 Isiacae
430 3608 524 3686 potiits
538 3611 659 3668 sacraria
669 3609 757 3679 lenae3

157 3689 291 3766 Disponit
303 3691 411 3748 crinem
426 3689 557 3748 laceratis
571 3689 631 3765 ipse
644 3689 753 3766 capillis

157 3767 246 3828 Nuda
259 3768 377 3828 humero
389 3767 494 3827 Psecas
508 3766 617 3842 infelix,
630 3769 771 3846 nudisque
782 3769 922 3832 mamillis
