2494 4274
493 247 618 298 surina
635 247 681 296 ιν.
1050 253 1088 310 15

611 327 637 360 ἱ

91 388 201 446 Dicere
215 387 239 445 si
253 398 346 446 tentes
360 388 476 463 aliquid,
491 390 628 448 tacitusve
643 391 770 462 recedas,

90 467 284 526 Tantundem
298 477 359 535 est3
381 467 486 525 feriunt
499 469 621 544 pariter:
643 469 804 527 vadimonia
817 468 922 528 deindo
1026 469 1088 530 Μ
1171 531 1175 540 ,

90 546 165 603 Irati
181 546 297 603 iaciunt.
339 546 468 604 Libertas
482 548 613 622 pauperis
627 549 689 604 haec
702 560 763 605 est:

91 625 230 682 Pulsatus
244 635 332 700 rogat,
348 635 376 680 et
390 626 494 700 pugnis
510 627 643 682 concisus
656 627 763 698 adorat,

92 703 134 761 Ut
149 701 237 761 liceat
250 703 350 778 paucis
365 722 430 760 cum
446 704 581 760 dentibus
598 704 665 762 inde
679 704 789 762 reverti.

134 777 202 838 Nec
216 793 311 839 tamen
327 783 388 838 haec
402 780 513 840 tantum
529 793 657 840 metuas:
680 801 756 853 nam,
770 781 818 857 qui
832 780 932 858 spoliet
942 794 981 858 te,

94 860 165 917 Nou
179 861 280 931 deerit,
295 859 399 916 clausis
413 861 552 932 domibus,
567 873 714 936 postquam
729 862 822 919 omnis
835 861 940 938 ubique
1028 863 1088 922 285

93 938 170 996 Fixa
183 950 321 996 catenatae
336 938 413 996 siluit
426 957 563 1014 compago
577 940 711 997 tabernae.

94 1016 247 1074 Interdum
261 1028 290 1075 et
304 1018 377 1074 serro
391 1018 500 1074 subitus
513 1029 653 1092 grassator
667 1019 726 1094 agit
740 1037 810 1092 rem,

93 1097 218 1154 Armate
231 1097 342 1172 quoties
357 1106 425 1153 tutae
439 1097 555 1153 custode
570 1108 702 1154 tenentur

95 1174 135 1232 Et
150 1175 283 1232 Pomtina
296 1173 377 1250 palus
390 1185 419 1232 et
432 1175 587 1232 Gallinaria
600 1176 691 1250 pinus.

95 1254 147 1309 Sic
162 1254 229 1311 inde
244 1255 300 1311 huc
313 1271 422 1323 omnes,
437 1264 571 1328 tanquam
586 1255 621 1310 ad
636 1255 749 1325 vivaria,
763 1265 906 1321 currunt,
1028 1255 1089 1315 290

94 1331 166 1393 Qud
181 1333 294 1388 fornace
309 1350 418 1406 graves,
432 1332 489 1406 qua
502 1351 560 1389 non
575 1332 678 1390 incude
693 1335 822 1391 catenel
880 1337 923 1356 Ψ

95 1409 241 1467 Maximus
256 1411 284 1467 in
300 1409 400 1466 vinclis
414 1410 479 1466 ferri
493 1411 603 1480 modus,
618 1422 649 1468 ut
661 1412 771 1482 uineas,
785 1431 823 1470 nc
896 1451 899 1464 ·
956 1459 963 1483 ,
1014 1463 1019 1475 ,

95 1490 204 1547 Vomer
218 1489 342 1559 deficiat,
356 1507 394 1545 ne
409 1507 508 1558 QZ?
522 1499 550 1546 et
564 1489 676 1545 sarcula
689 1488 792 1545 desint.
800 1484 938 1588 werbe}
950 1486 1002 1531 tuo
1008 1490 1034 1530 3⁴·

98 1567 214 1625 Felices
227 1586 394 1642 proavorum
410 1578 514 1637 atavos,
529 1567 621 1624 felicia
635 1567 715 1623 dicas

96 1647 219 1718 Saecula,
235 1665 298 1721 quae
312 1646 456 1721 quondam
471 1647 523 1702 sub
537 1645 651 1722 regibus
665 1657 748 1719 atque
762 1645 884 1704 tribunis
1029 1647 1089 1706 293

94 1725 240 1782 Viderunt
253 1744 311 1782 uno
324 1735 486 1782 contentam
501 1743 615 1782 carcere
630 1724 764 1782 Romam.

137 1804 193 1862 His
206 1804 278 1860 alias
291 1814 416 1879 poteram
431 1813 460 1860 et
473 1803 567 1879 plures
581 1804 749 1862 subnectere
763 1822 884 1862 causas:

98 1883 157 1940 Sed
169 1883 299 1958 jumenta
313 1893 423 1963 Ἥ,
436 1893 465 1939 et
479 1883 519 1938 sol
534 1882 672 1939 inclinat:
693 1885 820 1940 eundum
835 1894 973 1953 estasim
983 1921 1019 1950 ,r-
1035 1926 1038 1945 .
1061 1909 1077 1956 .¹'
1097 1920 1139 1951 oa
1165 1953 1168 1962 Δ

97 1961 175 2020 Nam
190 1961 260 2018 mibi
275 1961 417 2018 commota
428 1961 596 2036 jamdudum
611 1962 699 2019 mulio
712 1962 791 2036 virga

98 2040 220 2097 Annuit.
261 2039 286 2098 E
325 2037 415 2116 *tale
429 2041 516 2096 nostri
531 2058 647 2109 memor,
662 2051 700 2112 et,
714 2039 863 2114 quotieste
1029 2041 1089 2099 300

98 2119 195 2176 Roma
208 2130 257 2176 tuo
268 2058 558 2193 tillt'pioperantem
572 2119 674 2176 reddet
687 2119 812 2193 Aquino,

99 2197 150 2254 Me
164 2216 274 2272 quoque
288 2197 324 2254 ad
339 2196 490 2254 Helvinam
507 2198 642 2256 Cererem
656 2210 831 2273 vestramque
845 2196 970 2258 Dianam

98 2275 236 2334 Convelle
250 2295 266 2332 a
279 2275 388 2332 Cumis.
431 2276 587 2333 Satirarum
600 2296 664 2352 ego,
679 2277 710 2334 ni
723 2278 811 2351 pudet
824 2276 897 2351 illas,

98 2354 222 2430 Adjutor
235 2355 346 2431 gelidos
360 2355 472 2412 veniam
485 2355 624 2430 caligatus
638 2356 667 2413 iu
682 2375 772 2431 agros.
812 2383 839 2398 ··
866 2346 930 2414 412

475 2629 633 2689 SATIRA
654 2629 706 2689 IV.

139 2753 222 2811 Ecca
237 2753 338 2811 iterum
353 2751 517 2828 Crispinus!
540 2764 569 2810 et
582 2763 626 2810 est
639 2751 708 2814 mibi
723 2749 799 2828 saepe
813 2753 959 2814 vocandus

99 2833 148 2890 Ad
163 2843 266 2908 partes,
281 2843 438 2890 monstrum
452 2832 531 2889 nullia
546 2831 647 2888 virtute
661 2832 840 2908 redemptum

99 2912 130 2968 A
145 2911 227 2982 vitiis,
242 2930 325 2986 aeger,
340 2911 455 2985 solaque
468 2910 585 2976 libidine
600 2910 729 2968 fortis-
745 2938 788 2967 cr·
857 2936 874 2949 ··
901 2947 904 2954 ·

98 2989 180 3050 Quid
194 2991 279 3048 refert
293 2989 388 3066 igitur,
402 2989 514 3064 quantis
525 2989 655 3064 jumenta
668 2989 766 3064 fatiget

99 3067 280 3126 Porticibusl
300 3069 407 3142 quantia
421 3085 569 3123 nemorum
583 3075 708 3122 vectetur
722 3065 753 3120 in
766 3064 888 3122 umbrdl
1068 3067 1090 3126 ὅ

98 3146 119 3202 J
122 3165 206 3222 ugera
219 3158 286 3220 quot
297 3147 391 3203 vicina
404 3145 473 3212 loro,
487 3162 557 3216 quas
570 3141 671 3198 emerit
684 3141 780 3197 aedesl

99 3223 194 3284 Nemo
207 3226 299 3282 malus
313 3223 397 3291 felix;
420 3218 538 3279 minime
553 3230 709 3294 corruptor,
721 3229 749 3277 et
763 3218 840 3278 idem

13 3303 241 3376 fritlz'dneestus,
256 3323 323 3360 cum
337 3322 393 3380 quo
408 3320 498 3378 nuper
512 3300 610 3358 'vittata
621 3299 745 3375 jacebat,

100 3382 249 3458 Sanguine
263 3383 358 3440 adbuc
372 3383 434 3439 vivo
449 3393 552 3438 terram
566 3380 702 3452 subitura,
717 3379 857 3438 sacerdos.

100 3461 156 3518 Sed
172 3480 251 3518 nunc
265 3463 301 3519 de
316 3461 397 3520 factis
410 3459 581 3518 levioribus:
603 3471 741 3517 ettamen
756 3460 825 3517 alter
1053 3457 1090 3517 10

100 3541 132 3600 Si
145 3540 260 3599 fecisset
274 3540 360 3609 idern,
375 3541 490 3598 caderet
504 3539 557 3595 sub
569 3538 665 3614 judice
680 3557 798 3595 morum.

98 3619 128 3678 N
131 3639 176 3677 am
190 3619 266 3695 quod
281 3629 363 3691 turpe
376 3619 468 3689 bonis,
482 3617 562 3674 Titio
578 3616 711 3688 Seioque‚
726 3612 846 3670 decebat

99 3699 272 3774 Crispinum.
313 3696 395 3757 Quid
410 3715 487 3770 agas,
502 3712 589 3768 quum
604 3692 665 3749 dira
679 3703 708 3750 et
721 3691 819 3750 soedior
833 3692 911 3752 omni

98 3777 227 3837 Crimine
239 3794 361 3854 persona
374 3774 438 3832 estl
479 3771 601 3830 Mullum
615 3791 665 3830 serr
678 3772 801 3876 millibps
814 3771 893 3848 emit,

798 3859 858 3886 .,„
