2502 4284
417 287 420 294 μ
509 217 634 266 SATlRA
651 219 697 266 lv.

108 356 226 416 Excutit
240 375 256 413 e
270 356 418 414 manibus:
439 357 540 416 dentes
553 356 690 434 crepudre
703 358 819 418 retecti:

108 435 204 493 Uncta
218 436 326 492 cadunt
339 435 410 492 laxis
424 446 494 492 tunc
507 437 695 511 pulmentaria
707 437 802 494 labris.

108 514 189 571 Hinc
202 513 281 584 tuba,
296 515 441 570 candela:
462 515 632 589 tandemque
646 516 776 574 beatulus
790 515 847 574 alto

108 592 292 668 Compositus
303 591 379 650 lecto
381 593 559 666 ,crassisque
573 593 679 650 lutatus
692 592 820 665 amomis,

108 670 143 726 ln
157 682 269 746 portam
283 637 389 758 rigidos,
402 670 496 728 calces
509 671 653 728 extendit:
674 683 702 728 at
717 671 795 728 illum

108 748 248 805 Hesterni
262 747 355 822 capite
368 748 468 806 induto
481 747 595 808 subiere
608 748 746 809 Quirites

149 825 275 902 ‘Tange
290 825 374 882 miser
389 844 484 897 venas,
499 837 528 884 et
540 845 614 901 pone
629 827 658 883 in
672 838 787 916 pectore
801 826 943 886 dextrum:

108 903 159 961 Nil
174 905 249 962 calet
262 902 327 960 bic:
348 923 528 978 summosque
538 906 625 980 pedes
639 905 746 994 attinge
760 923 934 994 manusque:

108 981 178 1040 Non
193 983 314 1071 frigent.¹
356 983 425 1038 Visa
439 992 480 1038 est
495 1003 518 1038 si
511 981 600 1040 sorte
614 983 745 1059 pecunia,
759 983 818 1042 sive

108 1060 281 1118 Candida
257 1060 341 1118 vrcinr
335 1060 469 1117 'subrisit
484 1057 566 1118 molle
579 1061 681 1136 puella,

108 1139 169 1196 Cor
179 1138 231 1196 tibi
245 1135 299 1196 rite
314 1139 395 1196 saliti
436 1137 561 1196 Positum
575 1151 617 1197 est
632 1140 744 1215 algente
757 1141 872 1198 camino

108 1217 224 1274 Durum
237 1217 310 1289 olna,
325 1228 353 1274 et
365 1217 461 1292 populi
475 1217 567 1275 cribro
581 1219 702 1274 decussa
716 1218 823 1276 sarina:

109 1295 273 1352 Tentemus
288 1296 400 1353 sauses:
422 1306 520 1353 tenero
533 1296 601 1352 latet
616 1296 717 1352 ulcus'
710 1315 740 1353 ιιι
755 1315 803 1354 ore

108 1373 209 1444 Putre,
222 1374 298 1448 quod
312 1373 388 1430 baud
403 1374 504 1430 deceat
517 1373 630 1449 plebeis
643 1375 741 1430 radere
756 1374 830 1432 beu.

109 1451 212 1527 Alges,
226 1469 312 1525 quum
327 1451 451 1508 excussit
464 1451 597 1508 membris
610 1461 713 1508 tremor
728 1451 807 1508 albus
821 1451 940 1508 aristas:

108 1528 200 1586 Nunc
215 1529 276 1586 face
289 1529 434 1605 suppositi
445 1528 575 1586 fervescit
588 1529 713 1605 sanguis,
728 1539 757 1586 et
769 1528 810 1585 irs

109 1607 275 1665 Scintillam
287 1607 380 1676 oculi;
401 1607 527 1696 dicisque
542 1607 676 1697 facisque,
690 1606 787 1683 quod
780 1626 850 1683 ipse,

108 1685 179 1744 Non
192 1686 255 1744 sani
269 1705 331 1744 esse
345 1651 477 1760 hdminis,
492 1705 549 1744 non
563 1706 650 1744 sanus
660 1686 737 1763 juret
750 1685 875 1744 Orestes.

485 1995 642 2055 SATIRA
663 1995 719 2056 IV.

150 2157 225 2214 Rau
239 2157 334 2233 populi
347 2156 470 2214 tractasl
492 2153 652 2232 (barbatum
664 2155 726 2213 haec
740 2157 825 2213 crede
839 2157 1005 2233 magistrum

108 2235 225 2308 Dicere,
241 2236 355 2292 sorbitio
368 2235 439 2294 tollit
452 2253 537 2309 quem
551 2235 612 2292 dira
623 2235 724 2291 cicutae
735 2236 756 2312 z)

108 2314 179 2374 Quo
195 2314 301 2371 fretusl
322 2313 369 2370 dic
383 2313 437 2370 hoc
440 2313 557 2388 ,magni
571 2313 677 2388 pupille
691 2313 802 2370 Pericli.

109 2392 250 2449 Scilicet'
242 2391 389 2480 ingenium
399 2403 428 2447 et
438 2409 531 2448 rerum
542 2390 783 2464 prudentiavelox

110 2471 190 2528 Ante
205 2469 276 2545 pilos
289 2469 382 2526 venit.
403 2468 550 2525 dicendat
539 2467 714 2540 tacendaque
728 2467 823 2523 calles

108 2545 188 2624 Ergd
203 2547 252 2603 ubi
266 2548 408 2604 commota
423 2547 513 2604 servet
525 2544 674 2621 plebecula
689 2543 754 2615 bile,

109 2624 178 2683 Fert
193 2625 304 2682 animus
318 2625 416 2682 calidae
431 2625 531 2682 secisse
545 2622 637 2679 silent
618 2633 657 2679 tra
671 2622 759 2680 turbae

109 2702 169 2779 Maj
171 2714 260 2761 estate
274 2722 382 2762 manus
422 2703 503 2766 Quid
517 2702 620 2759 deinde
631 2699 767 2776 loquerel
806 2701 946 2774 Quirites,

109 2783 186 2854 Hoc,
200 2794 277 2871 puta,
291 2801 348 2840 non
359 2781 466 2857 justum
481 2792 541 2838 est:
563 2780 634 2837 illud
647 2778 741 2838 male:
762 2781 868 2838 rectius
880 2779 959 2840 illud

109 2861 175 2917 Scis
189 2860 295 2917 etenim
305 2859 412 2935 justum
427 2859 542 2936 gemina
556 2859 728 2934 suspendere
741 2858 823 2916 lance
1056 2861 1092 2918 10

108 2938 255 3014 Ancipitis
268 2937 363 2995 librae:
384 2949 493 2996 rectum
507 2939 655 3009 discernis,
667 2937 738 2994 ubi
730 2947 805 2994 inter

108 3017 206 3073 Curva
220 3017 304 3086 subit,
318 3017 361 3073 vel
376 3035 466 3105 quum
477 3016 547 3073 sallit
559 3015 632 3090 pede
645 3014 744 3090 regula
757 3032 841 3072 varo:

108 3095 148 3151 Et
162 3094 235 3182 potis
249 3113 279 3150 es
293 3093 406 3170 nigrum
420 3093 486 3149 vitio
499 3091 645 3168 praefrgere
660 3091 764 3148 Theta.

108 3171 193 3234 Quin
206 3183 238 3229 tu
252 3172 346 3248 igitur,
361 3171 473 3230 summa
487 3170 674 3258 nequicquam
687 3169 760 3246 pelle
771 3170 902 3242 decorus
1112 3195 1150 3237 χ
1178 3168 1182 3176 “

109 3251 189 3306 Ante
203 3250 279 3308 diem
292 3250 396 3308 blando
410 3247 552 3307 caudam
541 3259 648 3324 jactare
661 3248 771 3325 popello
1055 3250 1092 3308 15
1156 3268 1186 3322 ᾖ

108 3328 234 3399 Desinis,
249 3329 401 3404 Anticyras
415 3327 514 3386 melior
528 3327 639 3385 sorbere
653 3347 788 3388 meracas.

108 3406 186 3469 Qua
200 3375 251 3464 tibi
266 3426 376 3466 summa
388 3408 455 3466 boni
468 3407 528 3464 estl
549 3407 636 3464 uncta
646 3408 747 3465 vixisse
760 3407 864 3484 patella

109 3487 239 3560 Semper,
252 3496 282 3542 et
296 3485 408 3544 assiduo
422 3497 520 3544 curata
533 3487 658 3542 cuticula
671 3487 738 3542 sole

110 3563 268 3638 Exspecta:
290 3561 366 3618 haud
380 3563 456 3620 aliud
470 3564 639 3639 respondeat
652 3563 715 3616 haec
729 3578 814 3615 anus:
836 3559 851 3614 1
865 3575 960 3626 nunc,·

109 3641 363 3712 Dinomachesego
377 3657 446 3708 sum,
460 3641 555 3696 suffla:
576 3657 635 3694 sum
649 3635 805 3693 candidus:
826 3635 914 3692 Esto:
1051 3636 1093 3697 20

110 3719 188 3778 Dum
202 3739 240 3777 ne
255 3714 380 3776 deterius
391 3716 481 3792 sapiat
493 3733 643 3792 pannucea
656 3713 770 3785 Baucis,

910 4052 1097 4192 <tuom
