2494 4274
162 227 203 288 35
480 223 513 272 D.
529 223 628 273 JUNII
643 222 837 274 suvunatts

162 363 295 426 Mordeat
307 362 376 423 antd
389 359 499 440 aliquis,
513 363 648 440 quidquid
661 364 817 440 porrexerit
831 366 889 438 illa,

162 443 239 504 Qum
252 443 380 520 peperit:
399 444 516 502 timidus
529 455 681 519 pregustet
693 445 796 519 pocula
808 462 921 520 puppas.
1011 491 1012 494 ,

163 521 314 598 Fingimus
327 523 400 598 hec,
414 522 502 580 altum
517 522 611 580 Satirb
625 534 755 580 sumente
768 524 940 580 cothurnum

163 600 292 672 Scilicet,
306 610 344 672 et,
358 599 444 657 linem
458 601 564 676 egressi
577 600 725 676 legemque
739 601 874 677 priorum,

161 678 278 736 Grande
294 679 453 754 Sophocleo
466 697 582 737 carmen
598 680 771 736 bacchamur
785 679 874 752 hiatu,

161 755 309 818 Montibus
319 757 447 834 ignotum
460 757 589 829 Rutulis,
602 757 730 831 coeloque
743 757 855 816 Latino.

161 835 224 892 Nos
237 835 347 893 utinam
360 837 442 894 vanil
464 837 515 894 sed
528 836 633 894 clamat
646 835 756 908 Pontia,
771 835 852 910 Feci,

162 912 306 971 Confiteor
307 915 479 990 ,puerisque
493 915 564 972 meis
578 915 690 972 aconita
702 915 810 1005 panni,-

159 990 237 1053 Quae
251 991 392 1068 deprensa
404 1003 518 1082 patent:
540 992 651 1050 facinus
662 1004 782 1052 tamem
845 993 953 1070 peregi.

160 1068 250 1128 Tune
263 1071 334 1127 duos
348 1070 417 1142 und,
431 1071 584 1128 sevissima
598 1071 660 1147 ripe
661 1090 702 1143 ra,
716 994 834 1130 ccciiii!

160 1146 250 1208 Tune
263 1148 354 1207 duosl
395 1116 556 1226 Septemf
535 1169 558 1207 ιι
573 1091 680 1226 sepiieem
695 1118 768 1208 ’forte
783 1151 911 1209 fixissent.

161 1225 320 1284 Credamus
331 1228 457 1304 tragicis,
470 1229 607 1304 quidquid
621 1229 658 1286 de
672 1229 811 1287 Colchide
825 1230 904 1288 torret

160 1304 274 1364 Dicitur
287 1317 317 1364 et
330 1303 460 1365 Procne:
481 1307 521 1364 nil
535 1305 635 1365 contrd
650 1327 748 1380 conor,
760 1319 790 1364 et
803 1308 858 1366 itte

159 1383 289 1442 Grandia
302 1396 427 1444 monstra
440 1386 499 1443 suis
513 1387 656 1444 audebant
669 1387 858 1462 temporibus;
879 1387 930 1443 sed

159 1461 228 1521 Non
241 1475 354 1540 propter
367 1483 509 1524 nummos.
550 1463 647 1524 Minor
661 1467 809 1524 admiratio
822 1465 941 1524 summis

159 1540 290 1602 Debetur
303 1544 437 1602 monstris
439 1545 568 1633 ,quoties
583 1545 671 1602 sacit'
664 1563 705 1601 rra
719 1555 870 1602 nocentem

160 1620 249 1678 Hunc
262 1639 372 1694 sexum,
386 1633 415 1678 et
427 1621 528 1680 rabie'
517 1641 599 1696 ιιοιιι
613 1623 785 1680 incendente
799 1622 927 1680 feruntur
1088 1621 1151 1680 525

159 1697 343 1773 Praecipitem
363 1709 395 1756 ut
408 1719 476 1756 saxa
487 1699 563 1774 jugis
577 1700 704 1775 abrupta,
719 1700 822 1775 quibus
835 1719 917 1758 mons

159 1777 341 1834 Subtrahitur
343 1777 493 1852 ,clivoque
506 1778 580 1834 latus
594 1780 736 1853 pendente
751 1780 868 1837 recedit.

198 1853 281 1912 lllam
295 1867 348 1932 ego
362 1875 420 1914 non
434 1856 557 1928 tulerim,
571 1875 634 1932 quae
648 1869 802 1932 computat,
815 1868 845 1915 et
857 1857 972 1916 scelus
963 1875 1068 1934 angens

159 1933 238 1995 Sana
252 1933 327 1992 facit.
369 1935 507 2010 Spectant
520 1937 690 1993 subeuntem
705 1936 762 1993 iata
774 1937 869 1994 mariti

158 2013 308 2084 Alcestim,
321 2024 360 2085 at,
374 2013 508 2074 similis
487 2034 511 2072 ιι
524 2015 693 2090 permutatio
706 2016 798 2087 detur,
1086 2013 1150 2072 630

159 2091 290 2149 Morte'
265 2092 316 2148 vrri
330 2091 446 2167 cupient
460 2093 582 2150 animam
597 2112 707 2151 servare
721 2061 838 2152 catellas.

158 2169 322 2226 Occurrent
335 2170 432 2228 matta
446 2171 497 2229 tibi
512 2171 626 2228 Belides
640 2184 723 2246 atque
737 2171 879 2248 Eriphyle

158 2244 268 2304 Mane:
289 2247 535 2346 Clytaemnestrarp
549 2250 644 2306 nullus
657 2269 714 2307 non
728 2250 807 2307 vicus
821 2251 944 2308 habebit.

161 2326 224 2388 Hoc
237 2323 348 2384 tautirm
363 2328 448 2385 refert
450 2325 548 2404 ,qubd
563 2329 707 2403 Tyndaris
720 2329 769 2386 illa
783 2329 936 2405 bipennem

160 2404 299 2464 insulsam
313 2417 343 2467 et
357 2375 462 2466 latuani
476 2408 576 2467 dextra
590 2408 720 2482 levaque
734 2408 857 2467 tenebat
1083 2405 1148 2465 635

157 2485 199 2542 At
213 2503 291 2543 nunc
305 2503 351 2544 res
364 2485 457 2562 egitur
470 2487 549 2545 tenui
564 2487 697 2576 pulmone
711 2487 836 2558 rubetoe3

158 2564 215 2621 Sed
232 2581 327 2622 tumen
341 2575 370 2622 et
384 2565 499 2637 ferro,
477 2585 501 2622 ιι
514 2565 698 2641 praegustabit
710 2567 828 2623 Atrides

158 2641 278 2702 Pontica
291 2653 334 2700 ter
346 2642 414 2699 victi
427 2655 528 2702 cautus
541 2644 731 2701 medicamina
743 2644 828 2720 regis.
