2502 4284
477 253 601 304 sumar
618 253 652 304 n.
1016 257 1056 318 et

62 397 144 459 Quae
158 395 215 455 rrisi
228 395 356 454 seductis
369 413 494 470 nequeas
506 395 683 456 committere
697 396 778 455 diris.

64 477 107 533 At
121 475 200 534 bona
212 493 278 551 pers
289 491 440 550 procerum
453 474 540 532 tacita
553 475 650 533 libavit
663 476 770 533 suerri.
1035 475 1055 534 ὀ

65 554 157 612 Haud
173 553 264 610 cuivis
276 561 436 628 promptum
456 563 509 624 est,
528 571 710 628 murmurque
731 552 908 627 humilesque
927 569 1055 612 susurros

64 632 187 691 Tollere
201 632 238 688 de
251 629 363 705 templs,
375 639 406 686 et
421 641 517 705 aperto
531 631 624 688 vivere
637 642 710 689 voto.

65 710 157 768 Mens
172 708 256 780 bona,
271 709 355 779 laura,
366 707 446 779 tides,
462 705 623 779 recolere,
637 720 666 766 et
679 720 711 766 ut
723 708 821 766 audiat
833 709 951 784 hospes:

65 788 122 846 Illa
136 787 192 844 sibi
207 787 359 846 introrsum
372 798 402 844 et
414 787 468 843 sub
481 785 580 862 lingud
594 787 809 844 immurmurat:
829 786 896 845 Osi

65 865 180 924 Ebullit
192 876 318 940 patruus,
331 863 499 938 preclarum
514 865 614 922 lirnusl
636 875 675 936 et,
689 865 756 923 Osi
1019 865 1056 924 10

67 945 132 1001 Sub
147 954 239 1002 rastro
252 953 349 1018 crepet
362 942 472 1018 argenti
485 943 555 1001 rnihi
569 944 653 1016 seria,
669 944 768 1002 dextro
798 987 801 992 -

67 1021 216 1080 Hercule!
237 1020 408 1097 pupillumve
423 1020 542 1093 utinam,
555 1039 640 1096 quem
655 1023 799 1098 proximus
812 1022 903 1080 heres

68 1101 203 1175 Impello,
218 1117 394 1174 expungam:
415 1117 536 1174 namque
550 1111 593 1158 est
606 1100 762 1172 scabiosus,
773 1111 802 1157 et
815 1100 874 1158 acri

67 1178 134 1236 Bile
149 1188 248 1236 tumet.
290 1175 380 1235 Nerio
390 1177 449 1253 jam
463 1178 545 1235 tertia
558 1177 672 1236 ducitur
685 1178 771 1236 uxorl

67 1257 147 1313 Haec
161 1253 261 1313 sancte
275 1265 306 1312 ut
319 1274 429 1330 poscas,
443 1255 583 1314 Tiberino
597 1255 626 1312 in
641 1257 753 1332 gurgite
766 1255 871 1332 mergis
1018 1257 1055 1315 15

68 1334 163 1392 Mane
174 1343 259 1409 caput
273 1332 316 1391 bis
330 1344 438 1409 terque,
449 1343 478 1390 et
492 1345 606 1390 noctem
620 1333 737 1392 flumine
751 1353 863 1410 purges.

110 1413 196 1470 Heus
210 1430 273 1486 age,
283 1413 439 1486 responde:
461 1411 624 1484 (minimum
638 1421 691 1483 est,
704 1413 780 1487 quod
793 1413 866 1470 scire
879 1411 1007 1490 laboroz)

68 1491 116 1548 De
131 1489 205 1548 Jove
217 1490 285 1565 quid
299 1490 408 1548 seutisl
428 1501 509 1546 estne
523 1500 555 1546 ut
567 1507 730 1565 praeponere
743 1507 827 1547 cures

69 1569 364 1626 Hunc-‘cuinaml’
387 1568 522 1626 cuinaml
542 1568 584 1624 vis
599 1567 697 1626 Staiol
717 1585 754 1624 en
768 1568 990 1644 scilieetberes,

68 1648 150 1709 Quis
162 1647 253 1723 potior
260 1646 357 1722 juder,
371 1645 500 1722 puerisve
515 1647 578 1722 quis
592 1646 681 1722 aptior
694 1645 791 1704 orbisl
867 1685 873 1694 -
1015 1646 1056 1705 20

70 1727 140 1784 Hoc
149 1726 245 1802 igitur,
258 1743 314 1799 quc
326 1734 357 1780 tu
368 1723 447 1782 Jovis
461 1743 558 1782 aurem
572 1725 716 1800 impellere
729 1735 831 1797 tentas,

70 1804 129 1862 Dic
145 1804 268 1879 agedum
279 1801 374 1860 Staio:
396 1804 465 1878 prolr
479 1803 607 1878 Jupiter!
629 1802 657 1860 O
672 1805 757 1876 boue,
771 1804 887 1878 clamet,

70 1881 203 1959 Jupiter!
225 1893 323 1938 etsese
337 1899 394 1938 non
408 1881 514 1938 clamet
526 1880 638 1957 Jupiter
652 1882 731 1957 ipsel

71 1960 222 2036 Ignovissc
235 1969 327 2036 putes,
341 1960 419 2034 quin,
430 1970 518 2033 quum
527 1970 617 2031 tonat,
631 1957 713 2017 ocius
723 1960 781 2017 ilex

71 2038 190 2096 Sulfure
200 2037 350 2096 discutitur
363 2055 455 2108 sacro,
469 2035 554 2112 quim
566 2048 652 2111 tuque
666 2039 839 2113 domusquel

72 2117 121 2174 An
136 2117 273 2191 quianon
287 2116 365 2173 fibris
377 2115 472 2175 ovium
485 2116 674 2191 Ergsnmlque
686 2116 805 2192 jubente

71 2194 170 2252 'I'riste
182 2194 261 2270 jaces
274 2193 347 2251 lucis
360 2194 578 2267 evitandumque
594 2195 727 2268 bidental,

73 2273 189 2330 idcirco
202 2273 331 2331 stolidam
343 2272 451 2348 praebet
464 2272 514 2330 tibi
529 2274 629 2332 vellere
644 2273 759 2331 barbam

73 2351 91 2407 J
94 2351 206 2427 upiterl
227 2363 274 2408 eut
288 2350 423 2425 quidnam
436 2362 488 2423 est,
502 2350 558 2424 que
572 2362 601 2407 tu
616 2353 747 2408 mercede
761 2353 879 2410 deorum

74 2430 188 2488 limeris
201 2429 363 2487 suriculesl
382 2430 515 2505 pulmone
529 2439 558 2485 et
570 2428 692 2486 lectibus
705 2430 819 2486 unctisl

112 2508 193 2565 Ecce
206 2508 278 2580 aua,
292 2518 341 2566 aut
354 2518 485 2566 metuens
497 2505 594 2564 divium
608 2518 766 2578 matertera,
780 2506 863 2564 cunis

73 2586 190 2644 Exemit
201 2604 332 2662 puerum,
346 2585 521 2660 frontemque
532 2596 616 2659 atque
629 2584 687 2641 uda
699 2584 801 2643 labella

74 2665 179 2723 Inlami
192 2663 281 2740 digito
293 2673 322 2722 et
335 2663 496 2722 lustralibus
510 2660 577 2721 ante
591 2663 684 2720 salivis

74 2744 188 2820 Expiet,
202 2753 316 2800 urentes
329 2743 426 2800 oculos
441 2742 568 2800 inhibere
583 2743 680 2818 perita.

75 2822 163 2879 Tunc
177 2821 307 2878 menibus
320 2820 420 2895 quatit,
434 2831 464 2878 et
476 2839 554 2897 spem
569 2839 693 2879 macrum
707 2821 834 2897 supplice
847 2832 912 2880 voto

75 2899 164 2956 Nunc
179 2897 273 2957 Licini
287 2899 317 2956 in
332 2917 456 2975 campos,
470 2918 548 2956 nunc
561 2899 657 2956 Crassi
671 2900 756 2958 mittit
770 2899 800 2958 in
814 2901 898 2958 redes.

76 2978 165 3035 Hunc
177 2986 275 3053 optent
288 2995 426 3053 generum
439 2995 489 3033 rex
502 2989 531 3034 et
544 2977 658 3052 reginal
680 2978 781 3052 puelle

79 3056 167 3113 Hunc
181 3055 310 3131 rapiant!
332 3054 467 3130 quioquid
481 3054 631 3111 calcaverit
645 3055 702 3125 hio,
716 3073 780 3112 rosa
792 3054 860 3113 fiatl

76 3134 131 3190 Ast
144 3151 198 3209 ego
211 3131 316 3190 nutrici
330 3149 389 3189 non
401 3131 507 3188 mando
520 3141 602 3188 vota:
624 3141 736 3208 negato,

76 3211 197 3287 Jupiter,
211 3212 274 3269 hec
286 3209 337 3282 illi,
350 3207 478 3286 quamvis
490 3219 518 3266 te
532 3209 624 3268 albata
636 3209 751 3288 rogirit.

116 3289 213 3348 Poscis
225 3306 308 3366 opem
321 3288 415 3348 nervis
427 3305 583 3365 corpusque
596 3289 678 3350 fidele
692 3301 822 3350 senectae.

77 3368 158 3441 Esto,
172 3386 241 3444 age:
262 3368 312 3426 sed
325 3369 448 3446 grandes
461 3367 565 3444 patine
578 3380 727 3448 tucetuque
741 3391 836 3430 crassa

78 3448 216 3504 Annusre
230 3445 274 3504 his
288 3447 411 3523 Superos
424 3445 550 3524 vetuere,
564 3448 721 3526 lovemque
734 3451 887 3509 morantur.

117 3526 194 3583 Rem
207 3535 315 3582 struere
328 3537 442 3601 exoptas
455 3545 530 3586 cuso
543 3528 624 3600 bove,
638 3527 870 3600 Mercuriumque

79 3604 209 3661 Arcessis
222 3603 309 3660 libra:
330 3602 376 3658 Da
390 3603 532 3662 fortunare
542 3604 679 3680 penates!

81 3683 126 3740 Da
139 3700 239 3758 pecus,
252 3690 281 3740 ct
294 3679 428 3756 gregibus
441 3680 557 3738 loetuml
579 3699 644 3754 quo,
657 3679 788 3756 pessime,
802 3643 908 3755 pacto,¹

81 3760 138 3819 Tot
151 3759 203 3818 tibi
215 3777 304 3836 quum
317 3758 347 3816 iu
361 3756 482 3816 flammis
492 3757 624 3834 junicum
636 3768 752 3818 omenta
764 3756 942 3836 liquescentl

81 3839 118 3898 Et
130 3849 225 3898 tamen
235 3837 283 3897 bic
295 3837 368 3897 extis
379 3847 409 3896 et
421 3835 516 3915 opimo
528 3834 642 3896 vincere
655 3835 726 3898 serto
1028 3841 1031 3846 '
