2494 4274
504 235 628 284 Sh'l'lllh
646 233 692 284 vi.

101 380 192 440 Altior
206 381 255 438 hic
272 397 359 454 quare
373 377 547 436 cincinnusl
567 377 683 435 Taurea
695 387 779 453 punit

100 457 247 518 Continui>
262 457 327 516 flexi
342 457 450 514 crimen
466 457 631 530 facinusque
646 456 748 531 capilli.

97 537 180 598 Quid
196 539 302 594 Psecas
317 536 453 592 admisitl
473 553 604 610 quaenam
618 545 660 591 est
675 533 723 591 hic
737 533 822 609 culpa
835 533 949 611 puello,

97 617 129 673 Si
145 617 197 673 tibi
213 615 358 691 displicuit
370 632 458 670 nesus
471 614 560 670 tuusl
603 613 702 670 Altera
715 612 818 670 laevum

98 693 249 765 Extendit,
263 694 406 768 pectitque
419 709 527 762 comas,
541 701 571 748 et
585 691 668 748 volvit
679 691 709 746 in
723 692 830 748 orbem.

97 773 150 830 Est
165 774 194 830 in
210 772 332 830 consilio
345 782 472 828 matrona
486 770 655 843 admotaque
669 769 743 826 lanis

98 849 228 908 Emeritrl
242 868 306 926 qure
321 860 413 906 cesset
427 867 498 906 acu:
519 847 661 905 sententio
674 847 767 923 prima

98 929 196 1005 Hujus
210 930 282 998 erit;
304 939 365 1004 post
379 929 453 985 hanc
468 936 550 984 etate
564 938 648 1001 atque
662 936 722 984 arte
736 925 862 985 minores

97 1008 278 1074 Censebunt,
291 1018 425 1082 tanquam
441 1006 522 1063 samse
536 1005 689 1061 discrimen
702 1015 803 1080 egetur

98 1089 160 1143 Aut
175 1086 297 1143 anirnae:
319 1096 397 1143 tanta
410 1095 454 1141 est
466 1083 612 1159 querendi
626 1101 696 1140 cure
709 1084 829 1142 decoris.

97 1164 157 1222 Tot
169 1165 272 1240 premit
285 1163 443 1236 ordinibus,
457 1173 497 1220 tot
510 1163 605 1220 adbuc
619 1162 805 1237 compagibus
819 1162 909 1222 altum

99 1244 237 1300 AEdilicat
251 1253 345 1317 caput.
387 1241 611 1298 Andromachen
626 1259 643 1296 a
656 1241 748 1298 fronte
761 1240 887 1298 videbis:

98 1320 169 1379 Post
182 1322 275 1378 minor
289 1332 351 1378 est:
372 1319 472 1378 credas
485 1319 578 1376 aliem.
619 1318 710 1389 Cedo,
724 1319 748 1375 si
762 1319 846 1376 breve
856 1318 935 1396 perri

97 1400 206 1458 Sortito
220 1411 264 1457 est
276 1398 373 1456 lateris
383 1399 516 1472 spatium,
530 1397 693 1470 breviorque
707 1397 817 1454 videtur

98 1479 219 1554 Virgine
233 1477 378 1553 Pygmaea,
393 1474 479 1532 nullis
493 1474 589 1550 adjuta
601 1473 758 1544 cothurnis,

98 1555 136 1614 Et
149 1557 220 1614 levis
232 1557 329 1614 erecte
343 1553 491 1630 consurgit
504 1551 540 1611 ad
550 1552 650 1610 oscula
663 1551 784 1627 plnntll

136 1635 226 1692 Nulla
240 1635 291 1691 viri
305 1651 376 1690 cura
389 1633 507 1704 interea,
522 1649 576 1688 nec
590 1631 697 1688 mentio
707 1629 757 1689 fiet

97 1713 296 1771 Damnorum:
318 1712 386 1768 vivit
398 1723 531 1786 tanquam
544 1710 638 1766 vicina
651 1709 760 1767 marito.

97 1793 164 1850 lloc
178 1792 238 1849 solo
251 1792 372 1868 propior,
386 1788 463 1866 quod
479 1789 585 1846 amicos
598 1787 729 1864 conjugis
742 1789 802 1846 odit

97 1871 135 1928 Et
148 1889 253 1942 servos,
267 1869 360 1945 gravis
372 1880 416 1926 est
428 1868 592 1926 rationibus.
634 1866 713 1923 Ecce
726 1867 846 1926 furentis

97 1950 226 2007 Bellonae
240 1948 392 2023 matrisque
407 1947 493 2004 desim
507 1947 610 2003 chorus
625 1946 720 2017 intrat,
733 1957 763 2003 et
776 1946 881 2022 iugens

97 2029 272 2099 Semivir,-

176 2105 265 2163 -cui
278 2122 366 2162 rauca
379 2105 490 2175 cohors,
504 2103 552 2160 cui
567 2113 700 2178 tympana
713 2101 821 2162 cedunt

96 2186 225 2256 Plebeia,
239 2195 268 2242 et
281 2183 406 2259 Phrygid
420 2184 537 2240 vestitur
551 2183 642 2238 bucca
656 2181 737 2239 tisri.

94 2265 215 2322 Grande
229 2273 319 2333 sonat,
333 2262 478 2338 metuique
488 2261 570 2337 jubet
583 2260 758 2335 Septembris
770 2271 801 2320 et
814 2261 914 2320 ΑΜ

95 2345 273 2413 Adventum,
287 2341 342 2397 nisi
355 2359 386 2397 se
400 2351 516 2397 centum
529 2339 687 2397 lustraverit
699 2340 769 2412 ovis,

96 2421 135 2479 Et
147 2419 354 2495 xerampelinas
364 2429 472 2476 veteres
486 2417 632 2474 donaverit
645 2417 708 2490 ipsi,

96 2500 145 2572 Ut,
159 2499 297 2575 quidquid
311 2497 397 2556 subiti
410 2507 440 2554 et
452 2497 550 2570 magni
563 2493 737 2550 discriminis
751 2495 847 2567 instat,

96 2578 134 2635 In
149 2578 262 2636 tunicas
275 2588 330 2648 eat,
344 2586 374 2633 et
386 2587 478 2634 toturn
491 2573 578 2632 semel
592 2572 687 2648 expiet
697 2589 814 2630 annum.

97 2657 261 2715 Hiberonm
273 2651 364 2714 fracte
377 2653 470 2731 glacie
483 2653 638 2712 descendet
652 2651 681 2709 in
697 2671 821 2727 amnem,

96 2735 158 2794 Ter
173 2735 313 2792 matutino
326 2733 426 2791 Tiberi
441 2745 593 2810 mergetur,
608 2743 637 2790 et
650 2732 720 2808 ipsis

97 2814 263 2872 Vorticibus
276 2813 407 2870 timidum
420 2823 506 2889 ceput
519 2812 634 2870 abluet:
656 2811 724 2870 iude
732 2809 857 2889 Superbi

96 2892 207 2952 Totum
221 2891 296 2967 regis
310 2909 409 2967 agrum
423 2893 500 2948 uude
513 2910 548 2949 ac
561 2891 749 2949 tremebunda
762 2891 891 2948 cruentis

97 2971 206 3047 Erepet
219 2971 351 3046 genibus.
392 2970 424 3026 Si
438 2971 562 3026 candida
574 2969 690 3042 jusserit
703 2967 747 3042 lo,

98 3049 157 3106 lbit
168 3051 205 3106 ad
220 3049 336 3125 AEgypti
350 3047 447 3117 finem,
461 3047 612 3119 calidaque
625 3046 729 3118 petitas

98 3129 127 3186 A
144 3128 242 3186 Meroe
255 3125 377 3203 portabit
390 3142 486 3197 equas,
500 3133 532 3178 ut
545 3131 657 3196 spargat
671 3121 699 3176 in
715 3119 808 3178 aedem

98 3205 193 3279 Isidis,
208 3207 323 3280 antiquo
336 3221 399 3280 quae
412 3201 539 3276 proxima
551 3200 641 3276 surgit
653 3198 729 3260 ovili.

99 3285 200 3343 Credit
213 3285 290 3342 enim
302 3283 390 3360 ipsius
404 3281 526 3340 dominre
540 3300 571 3338 se
584 3297 653 3338 voce
667 3278 785 3338 moneri.

100 3363 146 3423 En
161 3365 286 3421 animam
299 3373 328 3420 et
338 3371 473 3433 mentem,
488 3377 554 3418 cum
567 3361 624 3436 qua
635 3358 665 3417 di
679 3371 764 3418 nocte
777 3358 946 3436 loquantur!

98 3441 177 3519 Ergo
192 3442 424 3518 hicpraecipuum
439 3457 638 3514 summumque
650 3450 774 3498 meretur
788 3441 936 3511 honorem,
991 3503 993 3508 ,

97 3520 160 3583 Qui
174 3539 261 3597 grege
275 3519 395 3594 linigero
409 3520 613 3589 circumdatus,
624 3528 653 3574 et
666 3535 753 3592 grege
766 3517 847 3574 calvo

98 3599 266 3676 Plangentis
275 3596 372 3673 populi
385 3598 474 3654 currit
487 3599 593 3654 derisor
607 3595 730 3650 Anubis.

100 3677 153 3736 Ille
165 3678 237 3755 petit
250 3675 372 3746 veniam,
385 3675 494 3749 quoties
508 3693 565 3730 non
580 3670 702 3730 abstinet
715 3689 786 3732 uxor

100 3756 266 3817 Concubitu
280 3753 368 3813 sacris
381 3752 622 3827 observandisque
634 3749 735 3809 diebus
746 3770 753 3823 ;
