2494 4274
171 267 210 328 10
482 264 515 314 D.
532 258 844 314 summoventus

169 407 234 466 Nec
247 407 346 466 melior
359 407 448 479 vultu,
461 407 589 482 quamvis
602 407 744 482 ignobilis,
759 406 819 464 ibat

168 485 307 559 Rubrius,
321 487 435 545 offense
449 487 551 544 veteris
565 504 629 543 reus
643 497 726 559 atque
741 485 880 556 tacendae,

167 565 206 622 Et
218 576 312 624 tamen
328 566 479 641 improbior
495 565 609 622 satiram
623 564 766 620 scribente
779 563 899 620 cinaedo.
1102 561 1162 621 1⁰5

168 643 299 702 Montani
312 663 423 720 quoque
438 655 535 701 venter
550 645 629 700 adest
640 643 792 699 abdomine
805 642 919 712 tardus;

167 722 205 780 Et
219 725 359 782 matutino
373 724 479 780 sudans
493 723 644 798 Crispinus
659 739 780 793 amomo,

166 800 320 862 Quantum
333 802 379 860 vix
393 803 522 860 redolent
535 803 592 858 duo
606 801 722 868 funera3
745 800 844 857 saevior
858 799 908 857 illo

167 877 320 956 Pompeius
334 881 413 938 tenui
425 881 538 956 jugulos
553 879 661 954 aperire
675 896 808 948 susurro;

167 958 214 1031 Et,
228 959 276 1034 qui
291 958 448 1016 vulturibus
461 958 588 1015 servabat
602 959 711 1015 viscera
724 956 821 1028 Dacis,

168 1036 289 1111 Fuscus,
304 1037 464 1095 marmoree
480 1038 632 1094 meditatus
645 1036 744 1112 proelia
758 1037 833 1108 villd,

167 1115 206 1174 Et
220 1134 287 1173 curn
300 1117 445 1175 mortifero
456 1117 582 1193 prudens
596 1115 721 1173 Veiento
735 1115 858 1188 Catullo,

166 1193 229 1255 Qui
243 1211 388 1271 nunquam
401 1197 467 1253 visae
481 1194 616 1272 flagrabat
630 1213 724 1252 amore
737 1195 847 1270 puellae,

167 1273 284 1332 Grande
300 1286 329 1333 et
342 1274 530 1351 conspicuum
545 1285 640 1331 nostro
653 1291 767 1348 quoque
780 1285 905 1350 tempore
920 1283 1079 1332 monstrum
1090 1274 1097 1318 l

167 1353 271 1411 Caecus
285 1353 421 1426 adulator,
436 1353 569 1428 dirusque
583 1373 599 1410 a
613 1363 698 1428 ponte
713 1352 833 1424 satelles,
1099 1353 1160 1410 115

167 1431 281 1510 Dignus
295 1433 429 1491 Aricinos
442 1432 490 1506 qni
505 1431 681 1488 mendicaret
694 1432 730 1488 ad
745 1450 821 1505 axes,

167 1511 334 1589 Blandaque
349 1514 465 1569 devexae
476 1511 596 1588 jactaret
610 1511 687 1568 basia
701 1512 804 1567 rhedae.

167 1590 263 1649 Nemo
277 1589 368 1667 magis
382 1590 531 1648 rhombum
545 1590 671 1663 stupuit:
692 1607 759 1646 nam
773 1589 894 1664 plurima
908 1588 980 1647 dixit

167 1669 203 1727 In
220 1671 319 1726 levam
334 1687 487 1727 conversus
499 1687 505 1735 ;
527 1677 556 1724 at
570 1669 610 1724 illi
624 1668 723 1724 dextra
734 1667 847 1742 jacebat

167 1747 287 1806 Bellus:
309 1747 351 1804 sic
364 1765 475 1822 pugnas
489 1745 589 1802 Cilicis
602 1745 745 1818 laudabat,
760 1757 788 1803 et
802 1747 885 1820 ictus,

167 1825 205 1882 Et
220 1845 331 1902 pegma,
345 1837 374 1883 et
386 1844 488 1901 pueros
503 1825 568 1882 inde
583 1826 618 1882 ad
633 1825 737 1881 velaria
750 1836 850 1900 raptos.

167 1903 234 1962 Non
249 1905 326 1962 cedit
339 1905 479 1963 Veiento:
501 1905 561 1975 sed,
577 1915 608 1960 ut
622 1905 771 1975 fanaticus,
785 1915 871 1963 oestrc

167 1983 332 2056 Percussus,
347 1983 475 2056 Bellona,
490 1994 539 2041 tuo
552 1983 668 2055 divinat,
683 1993 720 2054 et,
733 1983 841 2059 Ingens

167 2061 262 2120 Omen
277 2064 375 2134 habes,
390 2061 489 2139 inquit,
504 2063 600 2138 magni
615 2063 739 2138 clarique
753 2062 902 2139 triumphi:

168 2142 280 2218 Regem
295 2143 416 2216 aliquem
430 2143 535 2218 capies,
550 2153 598 2198 aut
612 2143 647 2198 de
661 2152 774 2199 temone
789 2141 925 2199 Britanno

167 2220 290 2278 Excidet
304 2221 478 2296 Aruiragus:
500 2221 649 2296 peregrina
662 2231 706 2278 est
720 2221 829 2276 bellua:
851 2219 945 2278 cernis

167 2299 286 2358 Erectus
300 2299 330 2357 in
344 2310 424 2375 terga
437 2300 544 2356 sudesl
586 2299 651 2356 Hoc
665 2300 755 2356 desuit
769 2317 892 2357 unum-⁴

166 2378 309 2451 Fabricio,
323 2380 441 2456 patriam
456 2390 487 2436 ut
501 2379 610 2436 rhombi
624 2389 801 2451 memoraret,
816 2388 845 2436 et
858 2396 956 2435 annos.

165 2457 317 2520 Quidnam
331 2460 417 2536 igitur
431 2477 532 2516 censes
544 2458 554 2514 l
574 2459 758 2516 conciditurl
800 2458 886 2515 Absit
899 2457 935 2514 ab
948 2455 997 2515 illo

167 2537 301 2597 Dedecus
315 2539 379 2611 hoc,
394 2538 549 2597 Montanus
563 2539 618 2595 ait:
639 2549 711 2595 testa
725 2538 781 2594 alta
794 2548 917 2612 paretur,

165 2617 243 2678 Quos
257 2618 338 2675 tenui
352 2636 433 2675 muro
447 2619 600 2692 spatiosum
613 2617 729 2690 colligat
742 2616 849 2672 orbem.

167 2694 294 2753 Debetur
308 2713 429 2770 magnus
443 2695 547 2770 patinae
561 2695 726 2768 subitusque
740 2692 935 2750 Prometheus.

167 2774 308 2849 Argillam
322 2784 406 2849 atque
420 2783 509 2829 rotam
524 2768 609 2828 citiirs
622 2781 786 2847 properate3
808 2773 858 2828 sed
872 2791 908 2828 ex
921 2773 985 2843 hoc¹

166 2851 311 2928 Tempore
322 2851 392 2927 jam,
407 2851 513 2922 Caesar,
527 2850 605 2926 figuli
619 2861 668 2906 tua
681 2861 773 2906 castra
787 2860 947 2925 sequantur.
958 2844 1000 2930 ‘V

165 2931 244 2988 Vicit
257 2931 345 3008 digna
358 2932 416 2988 viro
430 2932 578 2988 sententia.
619 2928 745 2986 Noverat
758 2929 805 2985 ille

166 3009 321 3069 Luxuriam
335 3010 445 3087 imperii
459 3022 592 3081 veterem,
606 3020 759 3083 noctesque
773 3005 898 3064 Neronis

166 3090 231 3148 Jarn
246 3091 363 3162 medias,
379 3089 518 3165 aliamque
534 3089 647 3160 famem,
658 3107 745 3164 quum
759 3086 856 3162 pulrno
869 3084 994 3144 Falerno

166 3171 297 3227 Arderet.
339 3169 421 3227 Nulli
434 3170 523 3244 major
538 3170 590 3226 luit
604 3187 672 3224 usus
685 3166 789 3224 edendi

165 3247 350 3321 Tempestate
364 3248 437 3303 med.
479 3248 590 3302 Circeis
603 3257 670 3300 nata
684 3247 784 3316 forent,
799 3263 836 3300 an

166 3324 323 3382 Lucrinum
340 3326 375 3380 ad
396 3341 505 3394 saxum,
520 3323 704 3394 Rutupinove
718 3323 794 3376 edita
807 3320 896 3378 fundo

166 3402 279 3474 Ostrea,
293 3401 416 3458 callebat
429 3401 519 3475 primo
532 3399 709 3474 deprendere
723 3416 834 3468 morsu;

166 3483 205 3541 Et
219 3481 306 3540 semel
321 3480 448 3556 adspecti
459 3479 537 3536 littus
551 3479 665 3534 dicebat
678 3477 782 3534 echini.

167 3563 308 3637 Surgitur,
320 3578 349 3618 er
362 3560 448 3617 misso
461 3577 592 3635 proceres
605 3557 682 3614 exire
701 3557 836 3633 jubentur

167 3641 305 3712 Consilio,
318 3659 389 3715 quos
403 3639 545 3696 Albanam
560 3639 618 3695 dux
632 3655 753 3713 magnus
766 3636 796 3692 in
813 3653 908 3695 arcem

168 3719 309 3776 Traxerat
323 3718 466 3788 attonitos,
480 3728 509 3775 et
523 3718 655 3774 festinare
669 3727 792 3788 coactoS,

168 3796 321 3875 Tanquam
335 3797 371 3855 de
383 3796 477 3855 Cattis
489 3796 595 3871 aliquid
609 3796 750 3872 torvisque
764 3793 931 3872 Sygambris
