2494 4274
159 604 198 732 ᾗ
225 589 313 698 Ἳ).
353 623 533 700 Jourr
571 559 960 706 Jdvmrms'

510 883 675 928 nummus

404 1105 777 1172 sarrensem
824 1058 827 1066 ⁵

474 1357 579 1406 LIBER
595 1358 739 1409 PRIMUS.

484 1785 643 1844 sarran
664 1785 688 1844 1.
912 1764 946 1808 '³
986 1791 1009 1822 ··

133 1925 262 2001 Sanane
274 1959 329 2017 ego
343 1941 454 1999 auditor
467 1942 602 2002 tantbml
622 1963 807 2020 nunquamne
817 1963 964 2021 reponam,

94 2017 223 2076 Venatus
236 2020 318 2078 toties
332 2021 411 2076 rauci
425 2019 571 2078 Theseide
586 2023 694 2080 Codrit

95 2095 301 2178 lmpuneergd
316 2098 387 2154 mihi
401 2099 560 2156 recitaverit
573 2101 620 2157 ille
635 2112 753 2176 togatas,

95 2173 156 2254 Hl⁰
169 2175 285 2250 elegosi
306 2176 422 2250 impune
437 2177 512 2234 diern
527 2180 733 2254 consumpserit
746 2180 848 2253 ingens

77 2253 263 2334 ‘Telepbnsl
284 2263 333 2310 aut
347 2256 449 2312 summi
463 2257 548 2330 pleni
560 2277 618 2332 Jam
632 2257 760 2334 margine
773 2257 838 2314 libri

94 2329 312 2404 Scriptus‘et'in
326 2341 414 2406 tergo,
428 2353 484 2390 nec
499 2335 565 2390 dum
580 2335 685 2406 finitus,
701 2335 838 2392 Orestesl

133 2407 213 2464 Nota
225 2409 317 2484 magis
330 2410 399 2466 nulli
414 2411 514 2467 domus
528 2423 571 2468 est
585 2432 645 2482 sua,
659 2411 744 2485 qndm
759 2414 829 2470 mihi
843 2413 925 2470 lucus

94 2484 207 2557 Martis,
220 2496 249 2542 et
263 2487 364 2544 AEoliis
378 2488 503 2546 vicinum
518 2490 635 2563 rupibus
646 2501 757 2544 antrum

72 2581 76 2588 ·
94 2563 227 2624 Vulcani
267 2564 349 2626 Quid
365 2575 451 2641 agant
466 2567 550 2637 venti,
565 2585 635 2641 quas
648 2575 776 2640 torqueat
789 2565 904 2622 umbras

93 2641 214 2711 AEacus,
228 2643 304 2700 unde
319 2643 391 2700 alius
405 2644 513 2701 furtivae
529 2645 648 2702 devehat
662 2663 763 2700 aurum
1044 2647 1084 2708 10

92 2716 249 2787 Peniculo,
263 2732 382 2795 quantas
393 2723 533 2798 jaculetur
548 2723 710 2798 Monychus
724 2741 817 2794 ornoS,

91 2797 247 2858 Frontonis
260 2799 376 2874 platani,
390 2801 580 2876 convulsaque
608 2820 748 2858 marmora
762 2801 886 2858 clamant

11 2931 14 2952 ,
90 2878 223 2952 Semper,
238 2888 266 2934 et
280 2877 392 2934 assiduo
407 2891 494 2954 ruptae
509 2880 613 2938 lectore
627 2881 776 2936 columnae.

90 2953 250 3029 Exspectes
260 2955 361 3012 eadem
376 2975 392 3012 a
405 2976 515 3014 summo
530 2959 702 3032 minimoque
716 2955 797 3032 poeti

133 3031 172 3088 Et
184 3051 236 3090 nos
249 3031 318 3109 ergb
333 3052 449 3091 manum
465 3035 560 3090 ferulae
574 3035 769 3104 subduximus,
784 3043 814 3090 et
828 3053 880 3090 nos

89 3106 252 3168 Consilium
266 3111 398 3169 dedimus
412 3113 508 3181 Sullae,
522 3112 645 3184 privatus
658 3121 690 3164 ut
704 3111 791 3164 altum

89 3187 245 3246 Dormiret.
297 3189 390 3246 Stulta
403 3199 446 3244 est
459 3187 621 3258 clementia,
635 3205 721 3262 quum
736 3197 776 3244 tot
790 3185 893 3262 ubique
956 3203 960 3210 ·

90 3259 215 3323 Vatibus
227 3284 370 3337 occurras
385 3266 516 3342 periturae
530 3284 645 3340 parcere
659 3267 773 3323 chartae.
792 3331 796 3338 Ι

131 3343 193 3400 Cirr
206 3355 302 3402 tamen
316 3346 370 3402 hoc
384 3343 476 3420 potiris
490 3344 576 3400 libeat
590 3345 740 3404 decurrere
754 3363 865 3421 campo,

89 3421 148 3479 Per
161 3439 246 3496 quem
260 3439 381 3497 magnus
394 3423 738 3502 equesTAuruncae'fle'xit
747 3423 889 3498 alumnus,

90 3499 124 3556 Si
139 3510 231 3572 vacat,
245 3510 275 3556 et
287 3501 393 3574 placidi
405 3494 543 3558 ratioile‘r'n'
551 3494 816 3572 aumttitis'ssedam.

88 3577 193 3638 Quum
207 3587 288 3634 tener
302 3596 416 3634 uxorem
432 3579 628 3654 dncatspado,
645 3579 748 3633 Maevia
761 3579 893 3634 Tuscum

89 3653 178 3730 Figat
192 3673 302 3730 aprum,
316 3665 345 3710 et
358 3656 436 3710 nudd
449 3667 544 3712 teneat
557 3656 696 3712 venabula
709 3653 852 3724 mammd3

89 3731 231 3791 Patrioioe
243 3749 344 3792 omnes
357 3731 457 3808 opibus
470 3752 557 3808 quum
570 3743 703 3808 provocet
718 3749 803 3806 unus,
