2494 4274
479 213 605 272 aarum
621 221 683 272 XV.

79 359 142 418 lllie
155 360 305 434 oaendeos,
320 359 369 420 hio
381 361 491 438 pisoem
505 361 639 436 fluminis,
653 363 712 424 illio

77 438 194 516 Oppida
205 451 266 498 tota
278 459 381 498 eanem
394 453 574 515 venerantur,
589 463 675 502 uerno
688 443 823 503 Dianam.

78 517 199 576 Portum
213 530 243 577 et
256 537 336 594 otepo
349 519 429 578 nefas
442 519 557 592 violare,
570 533 599 579 et
613 522 743 598 frangere
757 541 863 582 morsu.

77 596 105 654 0
119 607 237 656 sanetm
250 607 361 674 gentes,
375 597 478 673 quibus
492 599 555 657 haeo
568 612 725 659 naseuntur
739 601 769 659 in
781 601 869 661 bortis

79 675 229 743 Numinal
271 675 389 733 Lanatis
403 677 573 735 animalibus
587 677 709 736 abstinet
721 679 815 738 omnis

79 752 192 812 Mensa.
233 751 325 812 Nefas
338 753 398 812 illio
412 754 511 814 loetum
522 755 654 833 jugulare
668 758 803 833 oapellru:

79 832 224 891 Carnibus
238 832 371 890 humanis
384 834 461 892 vesei
475 833 550 892 lieet.
592 835 724 894 Attonito
737 854 827 912 quum

78 911 152 968 sale
167 929 254 988 super
267 929 379 968 omnam
394 911 505 970 facinus
518 925 646 972 narraret
660 913 758 972 Ulixes

76 990 214 1062 Aloinoo,
228 988 315 1047 bilem
329 1000 377 1048 aut
390 989 479 1048 risum
493 990 609 1050 sortasse
620 993 789 1068 quibusdam

76 1066 220 1140 Moverat,
234 1077 266 1124 ut
280 1068 403 1126 mendax
417 1069 585 1146 aretalogus.
627 1071 663 1128 In
678 1090 756 1130 mare
769 1091 856 1132 nemo

76 1146 169 1204 Hune
182 1146 280 1218 abicit,
294 1147 369 1204 saevh
384 1147 504 1222 dignum
518 1149 639 1224 verique
654 1149 809 1226 Charybdi,

77 1225 254 1302 Fingentem
268 1226 408 1283 immanes
422 1225 622 1302 Laestrygonas
636 1238 720 1303 atque
735 1228 900 1306 Cyclopasl

76 1303 155 1362 Nam
170 1301 256 1362 oitibs
270 1303 404 1378 Scyllam,
418 1304 462 1362 vel
475 1307 677 1364 oouourrentia
689 1326 758 1364 saxa

76 1381 222 1456 Cyaneas,
235 1382 335 1457 plenos
349 1393 378 1440 et
392 1383 606 1457 tempestatibus
620 1395 698 1441 utres

76 1460 269 1531 Crediderim,
284 1471 331 1518 aut
344 1460 424 1518 tenui
437 1478 603 1538 parnassum
617 1461 733 1519 verbere
746 1461 857 1534 Ciroes,

77 1539 197 1596 Eleum
211 1539 365 1615 remigibus
378 1537 529 1614 grunnisse
543 1539 686 1615 Elpenora
695 1541 797 1616 porois.

77 1617 156 1676 Tam
171 1617 254 1675 vacui
268 1617 369 1693 eapitis
382 1617 517 1693 populum
532 1617 655 1676 Phaeaoa
667 1619 796 1695 putavitl

77 1697 128 1753 Sin
142 1696 244 1771 aliquis
257 1693 358 1757 meritd
372 1697 500 1754 nondum
513 1697 619 1769 ebrius,
633 1709 663 1756 et
675 1699 825 1756 minimum
838 1698 886 1775 qui

77 1774 123 1832 De
137 1774 291 1850 Corcyraed
304 1785 441 1834 temetum
455 1775 572 1834 duxerat
587 1778 676 1834 urna:

77 1853 165 1910 Solus
179 1853 257 1911 enim
272 1854 327 1911 hoo
340 1853 458 1912 Ithacus
471 1855 549 1912 nullo
562 1855 616 1912 sub
627 1865 698 1914 teste
712 1856 843 1915 canebat.

76 1931 141 1990 Nos
154 1933 283 1992 miranda
297 1932 422 2007 quidem,
436 1933 487 1990 sed
497 1951 589 2008 nuper
603 1932 729 1992 Consule
743 1933 761 1990 J
764 1935 834 1994 unio

75 2011 167 2068 Gesta
180 2029 265 2087 super
279 2010 381 2068 aalide
396 2010 551 2068 referemus
564 2012 670 2070 moenia
684 2011 784 2088 Copti;

76 2088 141 2146 Nos
156 2089 232 2164 vulgi
247 2089 351 2160 soelus,
366 2099 395 2146 et
408 2089 522 2146 eunetis
536 2090 664 2165 graviora
676 2091 832 2150 oothurnis.

76 2167 155 2224 Nam
170 2168 264 2225 scelus
278 2187 295 2225 a
309 2167 427 2242 Pyrrhb,
441 2187 603 2243 quanquam
617 2170 714 2228 omnia
727 2182 850 2246 syrmata
863 2171 970 2243 volvas,

76 2245 185 2303 Nullus
199 2246 274 2322 apud
288 2247 409 2321 tragioos
423 2247 544 2322 populns
559 2247 634 2306 fauit.
676 2249 799 2325 Aooipe,
812 2261 910 2309 nostro

77 2324 149 2382 Dira
162 2325 237 2400 quod
251 2324 412 2400 exemplum
426 2324 521 2384 feritas
534 2327 697 2400 produxerit
711 2345 778 2384 aevo.

116 2402 198 2461 Inter
211 2402 346 2461 finitimos
359 2415 440 2460 vetus
453 2415 536 2478 atque
550 2403 666 2476 antiqua
679 2405 818 2476 simultas,

76 2481 243 2538 Immortale
256 2482 364 2554 odium,
377 2493 407 2540 et
420 2500 566 2556 nunquam
581 2481 708 2539 sanabile
718 2481 821 2540 vulnus

77 2561 171 2617 Ardet
185 2560 280 2617 adhuc
294 2559 399 2636 Coptos
413 2571 442 2617 et
455 2559 592 2636 Tentyra
634 2562 772 2618 Summus
785 2561 917 2636 utrinque
1029 2563 1066 2618 c·

76 2635 151 2696 inde
167 2638 243 2697 furor
258 2638 349 2714 vulgo,
363 2636 440 2714 qudd
455 2639 574 2696 numina
586 2639 744 2696 rioinorum

75 2717 148 2775 Odit
161 2727 280 2792 uterque
292 2717 381 2788 loeus,
395 2736 482 2793 quum
496 2717 570 2775 solos
582 2719 681 2776 eredat
695 2719 839 2778 habendos

75 2794 149 2854 Esse
164 2795 242 2866 deos,
256 2813 327 2869 quos
339 2795 400 2872 ipse
414 2796 490 2854 oolit.
532 2797 590 2854 Sed
605 2809 731 2876 tempore
746 2798 817 2858 sesto

76 2874 205 2932 Alterius
217 2874 313 2950 populi
326 2875 462 2951 rapiendo
474 2877 588 2934 oocasio
601 2877 713 2934 eunetis

75 2953 148 3010 Visa
161 2952 343 3012 inimieorum
356 2953 527 3028 primoribus
540 2971 575 3010 ae
588 2954 721 3023 duoibus,
734 2971 772 3008 ne

76 3031 189 3088 Laetnm
202 3030 377 3105 hilaremque
390 3029 477 3101 diem,
491 3048 530 3086 ne
543 3049 654 3104 magum
667 3029 773 3104 gaudia
786 3045 877 3086 ooenm

77 3107 234 3182 Sentirent,
247 3107 346 3186 positis
360 3107 397 3164 ad
410 3106 515 3182 templu
528 3116 557 3163 et
569 3107 693 3182 oompita
707 3105 822 3177 mensis,

76 3187 265 3264 Pervigilique
278 3198 351 3258 toro,
365 3202 450 3261 quern
464 3194 548 3243 noete
562 3202 597 3242 ao
610 3183 675 3242 luoe
685 3182 830 3262 jubentem

77 3267 225 3343 Septimus
238 3266 382 3324 interdurn
396 3263 437 3323 sol
449 3262 565 3323 invenit.
607 3262 733 3324 Horrida
745 3261 816 3324 send

77 3345 236 3422 AEgyptus:
257 3345 308 3403 sed
321 3343 443 3418 luxurii,
457 3341 595 3420 quantiam
610 3343 671 3423 ipse
684 3345 789 3418 notavi,

77 3423 202 3482 Barbara
215 3423 322 3482 famoso
334 3443 393 3482 non
407 3424 485 3482 eedit
497 3424 580 3482 turba
592 3424 721 3500 Canopo.

77 3503 173 3574 Adde,
186 3499 263 3579 quud
277 3512 306 3559 et
319 3502 409 3560 faeilis
422 3503 539 3562 viatoria
551 3504 589 3560 de
602 3503 734 3571 madidis,
748 3513 777 3559 et

76 3580 187 3654 Blaesis,
200 3591 285 3656 atque
298 3596 377 3636 mero
390 3579 585 3638 titubantibus.
626 3576 701 3636 Inde
715 3579 838 3637 virorum

77 3659 203 3718 Saltatus
216 3659 299 3736 nigro
312 3655 440 3729 tibioine,
453 3660 662 3732 qualiacunque

77 3737 242 3820 Unguenta,
254 3748 284 3796 et
297 3733 390 3810 liores,
405 3735 556 3816 multaque
570 3733 600 3794 in
614 3735 704 3794 fronte
717 3753 848 3796 eorunm:
