2494 4274
484 231 609 282 aarum
627 233 700 284 Vlll.

87 372 272 432 Permixtum
287 374 393 447 nautis,
408 386 437 433 et
450 374 569 448 furibus,
585 395 619 434 ao
634 375 768 453 fugitivis,

87 452 174 513 Inter
188 453 350 525 carnifices,
363 464 393 512 et
407 454 500 511 fabros
513 455 734 530 sandapilarum,

73 526 129 609 >Et
143 533 301 608 resupinati
315 533 456 590 cessantia
469 543 604 608 tympana
616 534 702 592 Galli.

87 611 189 686 AEqua
204 611 244 667 ibi
257 611 382 684 libertas,
398 613 562 668 communia
576 613 688 688 pocula,
702 612 794 671 lectus

87 689 161 746 Non
176 690 250 746 alius
263 691 404 766 cuiquam,
419 707 474 746 nec
489 709 588 747 mensa
602 690 733 749 remotior
747 691 806 748 ulli.

86 767 176 828 Quid
191 767 279 825 facias
293 767 377 826 talem
392 769 515 839 sortitus,
530 768 659 841 Pontice,
673 771 808 828 servuml

87 845 209 922 Nempe
223 847 253 903 in
266 846 410 919 Lucanos,
424 857 474 904 aut
490 847 589 904 Tusca
603 848 746 922 ergastula
760 849 864 908 mittas.

89 925 133 981 At
148 944 207 996 vos,
222 923 405 1002 Troiugena,
419 926 497 983 robis
510 926 666 1001 ignoscitis,
680 938 718 997 et,
732 945 796 1002 quaa

89 1004 206 1079 Turpia
219 1004 345 1076 cerdoni,
360 1005 479 1062 Volesos
490 1004 664 1080 Brutumque
678 1006 829 1064 docebunt.

87 1081 185 1154 Quid,
200 1083 223 1138 si
238 1102 383 1158 nunquam
398 1081 470 1141 adad
485 1083 566 1140 scedis
580 1081 708 1158 adedque
722 1083 864 1160 pudendis

88 1159 207 1218 Utimur
220 1162 366 1238 exemplis,
378 1174 409 1219 ut
422 1181 480 1220 non
496 1163 589 1238 pejora
604 1163 765 1238 supersintl

89 1239 277 1315 Consumptis
290 1241 391 1316 opibus
404 1259 514 1312 vocem,
528 1241 710 1317 Damasippo,
724 1241 824 1300 locisti

91 1319 214 1394 Sipario,
227 1318 382 1376 clamosum
397 1338 496 1394 ageres
511 1331 542 1375 ut
553 1319 675 1376 Phasma
688 1319 803 1378 Catulli.

89 1396 264 1454 Laureolum
280 1398 361 1456 velox
373 1398 460 1455 etiam
475 1399 548 1454 hene
562 1396 702 1454 lentulus
715 1399 784 1472 egit,

91 1475 110 1531 J
113 1477 201 1533 udice
215 1495 271 1548 me,
286 1478 391 1552 dignus
404 1476 471 1532 veria
485 1493 580 1532 cruce.
621 1474 650 1531 N
653 1494 687 1532 ec
701 1487 797 1534 tamen
811 1474 865 1550 ipsi

90 1553 230 1629 ignoscas
242 1556 364 1630 popul0;
385 1554 481 1630 populi
496 1554 573 1611 frons
587 1553 682 1612 durior
697 1554 791 1630 hujus,

88 1633 152 1694 Qui
167 1635 257 1706 sedet,
272 1645 301 1691 et
311 1645 419 1708 spectat
431 1634 578 1692 triscurria
590 1630 783 1708 patriciorum,

89 1711 263 1787 Planipedes
277 1713 355 1770 audit
368 1713 482 1784 Fabios,
497 1712 589 1770 ridere
602 1722 695 1788 potest
707 1712 756 1788 qui

90 1789 307 1848 Mamercorum
322 1792 426 1867 alapas.
467 1791 579 1853 Quanti
593 1811 645 1848 sua
659 1792 759 1850 lunera
774 1792 908 1862 vendant,

89 1869 172 1930 Quid
187 1870 295 1926 refertl
315 1871 441 1928 vendunt
456 1869 533 1926 nullo
548 1880 669 1944 cogente
684 1869 811 1943 Nerone,

90 1947 156 2005 Nec
171 1948 304 2006 dubitant
318 1948 387 2006 celsi
402 1949 527 2025 praetoris
541 1950 664 2006 rendere
679 1949 761 2006 ludis.

89 2026 184 2102 Finge
198 2037 295 2084 tamen
309 2027 419 2104 gladios
434 2027 511 2097 inde,
525 2037 609 2100 atque
624 2028 691 2084 hinc
704 2028 813 2103 pulpita
825 2046 919 2102 pono:

88 2105 173 2166 Quid
187 2107 295 2162 satiust
336 2105 459 2162 Mortem
474 2106 515 2162 sic
529 2106 675 2180 quisquam
689 2106 845 2177 exhorruit,
859 2118 892 2165 ut
903 2107 941 2166 sit

90 2184 248 2260 Zelotypus
262 2184 427 2259 Thymeles,
442 2185 546 2259 stupidi
561 2185 670 2259 collega
684 2184 835 2243 Corinthit

90 2261 152 2321 Res
166 2264 242 2320 haud
257 2264 327 2320 mira
340 2273 446 2334 tamen,
460 2264 616 2322 citharoedo
629 2263 773 2339 Principe,
786 2265 890 2322 mimus

90 2339 214 2399 Nobilis.
256 2341 330 2397 Haec
343 2342 425 2412 ultra,
439 2342 506 2415 quid
521 2341 575 2397 erit
588 2342 643 2397 nisi
657 2340 741 2398 ludus
750 2339 790 2420 ll(
802 2342 841 2400 Et
854 2343 924 2402 illud

90 2418 226 2476 Dedecus
239 2419 325 2477 Urbis
339 2421 425 2478 habes
439 2439 445 2475 :
467 2438 522 2476 nec
533 2418 710 2475 mirmillonis
720 2421 750 2476 in
765 2421 860 2491 armis,
1017 2421 1077 2478 Μ

90 2497 156 2554 Nec
170 2499 271 2573 clypeo
285 2499 449 2555 Gracchum
463 2506 648 2572 pugnantem,
664 2507 712 2553 aut
727 2497 800 2554 falce
813 2497 937 2573 supinai5

92 2575 232 2652 (Damnat
245 2579 322 2634 enim
337 2577 407 2634 tales
421 2577 550 2644 habitus;
572 2577 622 2632 scd
637 2575 762 2647 Manat,
774 2586 803 2632 et
816 2575 889 2653 odit)

91 2654 159 2713 Nec.
168 2655 251 2731 galeri
263 2656 383 2714 frontem
397 2655 563 2712 abscondit:
585 2665 678 2711 movet
691 2673 761 2712 ecce
775 2655 936 2728 tridentem,

90 2732 242 2808 Postquam
256 2735 357 2811 librata?
370 2736 525 2809 pendentia
538 2734 608 2791 retia
621 2735 720 2792 dextri
750 2728 837 2790 ,Plan
849 2717 900 2808 ely

91 2811 291 2888 Nequidquam
305 2813 415 2884 effudit,
429 2814 539 2869 nudum
553 2814 588 2870 ad
602 2813 766 2888 spectacula
779 2814 888 2871 vultum
1014 2814 1075 2872 205

91 2889 192 2966 Erigit,
207 2903 236 2948 et
249 2893 308 2949 toti
322 2891 394 2968 fugit
408 2892 606 2966 agnoscendus
620 2892 716 2949 arenti.

90 2969 247 3026 Credamus
260 2971 376 3040 tunicae,
390 2971 426 3026 de
441 2971 570 3026 hucibus
580 2987 665 3026 aurea
678 2987 766 3041 quum
780 2987 811 3023 se

90 3046 227 3124 Porrigat,
241 3059 270 3106 et
283 3049 369 3123 longo
378 3049 500 3123 jactetur
514 3047 588 3120 spira
601 3045 706 3118 galero.

90 3123 166 3201 Ergd
181 3127 369 3201 ignominiam
382 3125 538 3199 graviorem
552 3120 668 3196 pertulit
680 3119 759 3176 omni

90 3203 226 3276 Vulnere,
241 3223 307 3262 cum
322 3202 455 3260 Graccho
465 3201 561 3276 jussus
575 3217 702 3275 pugnare
715 3207 837 3257 secutor.
1014 3199 1074 3260 21⁰

128 3283 231 3341 Libera
244 3285 268 3341 si
282 3284 386 3340 dentur
399 3281 502 3356 populo
516 3279 659 3355 suffragia,
674 3278 738 3355 quis
751 3289 811 3336 tam

90 3361 229 3433 Perditus,
238 3371 269 3418 ut
283 3362 393 3419 dubitet
407 3360 548 3417 Senecam
563 3358 694 3435 preferre
708 3356 835 3430 Neroni;

90 3439 178 3516 Cujus
191 3440 331 3516 supplicio
344 3459 401 3497 non
416 3438 516 3498 debuit
528 3457 587 3496 una
599 3438 692 3515 parari

91 3519 187 3590 Simia,
202 3538 257 3575 nec
271 3537 388 3593 serpens
402 3537 486 3589 unus,
500 3537 556 3574 nec
569 3518 668 3574 culeus
682 3517 776 3571 unust

90 3595 142 3654 Par
155 3596 411 3672 Agamemnonidae
425 3597 550 3664 crimen3
571 3595 621 3651 sed
635 3609 722 3648 causa
736 3590 804 3647 lacit
816 3608 877 3648 rem
1012 3590 1071 3651 215

90 3673 270 3734 Dissimilem.
311 3672 429 3747 Quippe
444 3671 500 3743 ille,
514 3673 575 3728 deis
589 3667 761 3741 auctoribus,
775 3668 849 3728 ultor

12 3809 14 3812 .
90 3751 178 3814 Patris
190 3769 248 3814 erar
265 3751 333 3812 cesi
346 3750 440 3809 media
450 3751 524 3809 inter
536 3747 640 3825 pocula
647 3766 657 3824 ;¹
676 3746 727 3806 sed
740 3765 795 3806 nec
