2494 4274
495 293 619 343 ssrlnn
636 293 670 344 X.
1035 300 1076 358 66

84 434 220 494 Delatorl
239 435 342 512 quibus
353 431 488 494 indiciis?
508 455 564 512 quo
577 447 648 495 teste
661 437 810 513 probavitl
1033 439 1074 497 to

83 513 135 572 Nil
150 517 268 573 horum:
290 516 450 572 verbosaret
463 515 579 590 grandis
593 515 712 591 epistola
725 517 805 574 venit

83 593 112 650 A
128 593 256 669 Capreis.
297 593 377 651 Bene
392 593 492 662 habet3
515 595 553 650 nil
569 594 632 670 plus
646 595 797 671 interrogo.
839 593 899 653 Sed
913 594 982 671 quid

82 671 188 729 Turba
202 671 314 729 Remil
356 672 490 746 Sequitur
504 671 670 744 Fortunam,
685 684 716 729 ut
730 691 851 750 semper,
864 683 894 732 et
905 674 967 732 odrt

83 749 254 808 Damnatos.
296 749 379 807 Idem
392 751 523 825 populus,
539 751 563 807 si
577 749 685 807 Nursia
698 750 798 810 Tusco

83 827 227 900 Favisset‚
242 829 266 886 si
280 847 412 905 oppressa
426 829 497 886 soret
510 847 612 886 secura
626 841 759 887 senectus

83 907 238 982 Principis,
253 909 309 964 hdc
323 909 384 982 ipss
398 908 534 982 Sejanurn
548 908 656 965 diceret
670 908 738 966 hort

84 987 259 1062 Augustum.
301 985 366 1043 Jam
380 986 500 1062 pridem,
515 1004 550 1043 err
564 1005 619 1060 quo
633 986 766 1063 suffragia
779 987 849 1046 nulli

83 1065 256 1136 Vendimus,
270 1063 371 1122 effudit
391 1081 482 1122 curas.
523 1063 553 1121 N
557 1083 601 1122 am
616 1066 664 1139 qui
677 1066 763 1124 dabat
775 1066 844 1124 olim

82 1139 252 1217 Imperium,
267 1143 368 1214 fasces,
382 1143 519 1219 legiones,
532 1143 639 1216 omnia,
654 1163 732 1202 nunc
746 1163 776 1203 se

84 1221 232 1293 Continet,
244 1234 326 1296 atque
341 1223 412 1280 duas
425 1219 536 1280 tantum
550 1241 595 1280 res
609 1223 711 1280 anxius
724 1235 811 1299 optat,

84 1299 195 1357 Panem
209 1311 238 1357 et
252 1300 412 1357 Circenses.
453 1299 596 1359 Perituros
610 1301 695 1359 audio
709 1303 820 1360 multos.

83 1378 136 1434 Nil
151 1379 287 1447 dubium;
308 1395 412 1454 magna
425 1389 468 1436 est
481 1379 643 1437 fornacula:
665 1380 816 1456 pallidulus
828 1379 869 1440 mi

83 1457 233 1514 Brutidius
247 1475 327 1514 meus
341 1459 376 1514 ad
392 1456 492 1515 Martis
507 1455 560 1514 luit
571 1459 671 1514 obvius
685 1477 770 1515 araur.

83 1535 186 1612 Quam
200 1536 295 1607 timeo,
309 1536 401 1593 victus
415 1555 451 1593 ne
465 1553 564 1611 poenas
577 1535 672 1610 exigat
686 1535 771 1611 Ajax,

84 1613 125 1672 Ut
140 1612 214 1671 mali*¹
229 1614 380 1672 defensus!
402 1615 558 1672 Curramus
571 1615 740 1690 precipites,
754 1625 793 1688 et,

85 1691 166 1750 Dur'n
179 1693 256 1770 jacet
270 1693 300 1750 in
314 1693 385 1768 ripd,
400 1693 545 1752 calcemus
559 1693 681 1750 Caesaris
697 1694 814 1752 hostem.

85 1773 144 1829 Sed
160 1771 275 1830 videant
288 1773 370 1844 servi,
385 1790 422 1829 ne
436 1772 499 1848 quis
512 1784 607 1849 neget,
621 1783 650 1830 ct
663 1774 795 1848 pavidum
811 1774 840 1831 in
853 1773 902 1850 jus

85 1851 208 1908 Cervice
221 1851 357 1908 obstricta
371 1852 518 1908 dominum
532 1853 631 1909 trahat.
673 1852 714 1908 Hi
727 1871 873 1911 sermones

85 1929 176 1986 Tunc
190 1930 226 1985 de
241 1929 356 2004 Sejano,
372 1941 480 1987 secreta
495 1931 557 1986 haec
572 1948 718 1987 murmura
730 1932 816 2008 vulgi.

85 2008 179 2065 Visne
193 2009 316 2079 salutari,
332 2009 405 2066 sicut
417 2006 557 2083 Sejanusl
580 2009 687 2064 habere-

85 2085 286 2158 Tantundem,
301 2097 385 2161 atque
398 2087 437 2143 illi
452 2105 576 2144 summus
591 2087 696 2144 donare
712 2087 846 2145 curulesl

85 2165 173 2222 Illum
187 2166 357 2222 exercitibus
370 2168 556 2242 praeponcrel
576 2176 650 2223 tutor
664 2166 761 2224 haberi
827 2168 830 2175 '

57 2279 59 2283 -
85 2244 229 2319 Principis
244 2245 364 2320 angustat
378 2244 552 2320 Caprearum
567 2245 596 2302 in
609 2263 679 2320 rupe
694 2246 818 2303 sedentis

86 2324 163 2380 Curn
177 2341 264 2398 grege
279 2323 437 2380 Chaldaeol
457 2323 510 2381 Vis
524 2321 602 2381 certd
617 2325 683 2400 pila,
698 2325 838 2396 cohortes,

85 2401 230 2478 Egregios
244 2403 362 2477 equites,
376 2414 405 2460 et
418 2414 510 2460 castra
524 2403 702 2459 domestical
722 2401 836 2463 Quidni

86 2479 163 2537 Hac
177 2481 294 2556 cupiasl
316 2491 354 2552 et,
368 2481 416 2556 qui
430 2481 531 2538 nolunt
543 2481 675 2537 occidere
688 2499 861 2554 quenquam,

85 2560 176 2617 Posse
191 2559 295 2616 volunt.
338 2560 396 2620 Sed
410 2578 473 2635 quae
488 2559 624 2636 praeclara
638 2569 666 2614 et
679 2577 811 2634 prospera
824 2558 906 2633 tanti,

85 2639 126 2696 Ut
141 2639 226 2695 rebus
239 2637 311 2696 laetis
324 2657 375 2715 par
390 2639 425 2696 sit
439 2657 572 2696 mensura
586 2637 743 2695 malorum?

86 2716 194 2792 Hujus,
209 2717 258 2792 qui
271 2719 399 2789 trahitur,
414 2729 576 2793 praetextanr
592 2735 703 2774 sumere
717 2717 817 2791 mavis,

85 2796 138 2853 An
154 2795 327 2853 Fidenarum
340 2796 553 2872 Gabiorumque
566 2815 629 2854 esse
643 2808 776 2873 potestas,

86 2873 127 2932 Et
140 2873 177 2931 de
191 2876 325 2932 mensurat
337 2875 383 2951 jus
397 2876 503 2947 dicere,
517 2895 583 2933 vasa
597 2877 705 2934 minora

85 2951 234 3029 Frangere
249 2973 391 3030 pannosus
402 2955 498 3011 vacuis
513 2955 617 3012 AEdilis
631 2954 767 3012 Ulubrisl

86 3029 167 3108 Ergo
182 3033 248 3107 quid
262 3033 418 3108 optandum
433 3033 513 3103 soret,
528 3032 674 3107 ignouisse
688 3032 784 3088 fateris

86 3109 225 3185 Sejanum
238 3130 245 3168 :
265 3129 333 3167 narn
346 3110 394 3184 qui
408 3111 511 3165 nimios
520 3110 635 3184 optabat
648 3109 780 3179 honores,

87 3188 127 3246 Et
140 3191 243 3247 nimias
256 3188 391 3265 poscebat
403 3205 480 3262 opes,
497 3205 647 3243 numerosa
660 3185 776 3260 parabat

87 3268 218 3328 Excelsae
233 3269 317 3326 turris
330 3267 464 3338 tabulata,
479 3265 555 3322 unde
570 3264 651 3322 altior
665 3275 740 3322 essct

88 3348 191 3420 Casus,
205 3359 234 3405 et
248 3347 375 3424 impulse
389 3364 515 3422 preceps
526 3345 650 3402 immane
665 3344 764 3403 ruine.

87 3426 171 3488 Quid
185 3427 312 3499 Crassos,
326 3426 394 3502 quid
409 3425 559 3502 Pompeios
573 3425 694 3483 evertitl
715 3436 744 3483 et
758 3424 850 3499 illum,

89 3507 137 3564 Ad
151 3525 202 3562 sua
216 3505 263 3581 qui
278 3507 398 3563 domitos
414 3505 530 3563 deduxit
544 3505 631 3581 flagra
644 3504 797 3565 Quiritest

89 3585 226 3642 Summus
240 3603 342 3658 nempe
356 3585 436 3640 locus
449 3585 528 3642 nulls
541 3603 599 3641 non
614 3594 673 3640 arte
687 3584 802 3657 petitus,

90 3657 254 3742 Magnaque
269 3661 433 3718 numinibus
446 3673 509 3720 vota
522 3661 658 3719 exaudita
672 3659 812 3734 malignis.

88 3743 137 3801 Ad
148 3759 285 3820 generum
301 3739 416 3798 Cereris
429 3741 491 3796 sine
505 3740 585 3796 cede
599 3749 628 3795 et
642 3737 757 3797 vulnere
771 3737 856 3818 pauci

89 3819 279 3880 Descendunt
288 3837 381 3896 reges,
393 3829 425 3876 et
434 3817 513 3879 sect
527 3826 616 3878 morte
629 3818 750 3892 tyranni.
776 3865 779 3872 .
