2494 4274
423 311 424 314 ,
462 276 586 328 ειιιιιι
606 277 668 328 ιιι.
1011 278 1054 342 aa

67 419 204 480 Fortunae
219 417 327 476 invidia
339 427 383 476 est
396 417 588 495 bellorumque
602 419 710 493 ultim,
723 437 808 480 cest!
1013 421 1053 480 ⁰6

64 497 204 568 lbrtremi,
218 497 311 572 longer
326 497 389 554 dira
400 496 556 556 obsidionis
568 509 688 574 egestas

65 577 162 652 Hujus
176 575 253 632 enim
257 575 354 647 ‚quod
367 593 447 632 nunc
460 575 563 658 agitur,
577 575 738 634 miserabile
750 575 837 634 debet

41 723 44 728 Ι
64 653 236 736 Exemplum
249 672 312 710 esse
325 653 398 710 cibi:
419 653 494 710 sicut
506 652 592 712 modd
606 656 682 712 dicte
694 653 763 714 mihi
776 671 849 730 gens

22 763 25 766 ·
62 731 134 791 Post
146 749 247 789 omnes
260 731 371 801 herbas,
384 743 448 821 post
460 743 566 790 cuncta
579 733 711 791 animalia
714 733 870 809 ‚qindquid

64 809 198 885 Cogebat
210 809 292 866 vacui
306 809 410 867 ventris
424 808 510 882 seor,
524 811 674 869 hostibus
666 812 734 886 apsis

64 889 216 959 Pauorem,
231 907 265 945 ac
278 887 409 959 maciem,
423 899 453 945 et
464 898 566 946 tenues
579 889 780 948 miserantibus
788 899 878 962 ntus,

64 966 200 1044 Membra
209 932 306 1023 iliona
320 966 394 1022 same
406 965 578 1039 lacerabant,
592 987 656 1026 esee
669 967 759 1044 parati

69 1045 103 1102 Et
117 1063 179 1101 sua.
218 1044 363 1106 Quisnam
376 1044 523 1102 hominum
537 1047 647 1104 veniam
661 1047 729 1104 dare
732 1046 851 1122 ‚quisve
863 1047 983 1106 demum

69 1123 187 1180 Viribus
201 1121 331 1180 abnuerit
346 1122 409 1179 dira
422 1131 504 1196 atque
518 1122 655 1181 immania
666 1125 767 1199 passis,

69 1201 105 1258 Et
118 1201 223 1274 quibus
237 1201 348 1258 illorum
362 1210 493 1274 poterant
505 1201 654 1276 ignoscere
670 1221 778 1275 manea,
997 1201 1054 1264 1⁰⁵

65 1278 201 1340 Quorum
215 1279 378 1353 corporibus
391 1280 599 1338 vescebanturl
639 1278 746 1338 Metius
757 1297 812 1338 ιιιιι

66 1356 199 1414 Zenonis
212 1366 354 1431 praeeepta
366 1367 502 1414 monent:
523 1377 577 1413 nec
590 1358 668 1416 enirn
680 1360 787 1430 omnia,
800 1358 931 1431 quedem

66 1435 123 1491 Pro
138 1434 196 1490 vitri
210 1433 341 1491 facienda
354 1444 442 1508 putat.
483 1435 542 1490 Sed
553 1435 696 1492 Cantaber
710 1436 787 1492 unde

67 1513 195 1582 Stoicus,
211 1513 317 1585 antiqui
330 1512 486 1586 presertim
500 1521 582 1568 astute
597 1511 729 1569 Metellil
779 1563 783 1573 .

66 1589 158 1646 Nunc
170 1598 245 1646 totus
258 1589 359 1646 Graias
373 1601 536 1664 nostrasque
550 1589 637 1648 habet
649 1590 726 1648 orbis
739 1589 878 1650 Athenas.

66 1668 164 1726 Gallia
177 1667 336 1724 causidicos
350 1667 447 1725 docuit
461 1667 584 1726 facunda
597 1667 765 1728 Britannos:
832 1695 834 1700 ·

67 1746 113 1802 De
128 1745 317 1803 conducendo
330 1744 473 1819 loquitur
463 1763 522 1820 jam
536 1747 657 1804 rhetore
660 1747 765 1804 Thule

67 1823 182 1880 Nobilis
193 1823 240 1880 ille
253 1834 349 1880 tamen
363 1824 491 1898 populus,
505 1843 590 1898 quem
603 1825 742 1894 diximus3
764 1835 793 1884 et
805 1843 857 1902 par

67 1901 182 1960 Virtute
196 1912 279 1975 atque
293 1900 359 1972 fide,
373 1902 422 1958 sed
437 1902 524 1977 major
538 1904 619 1960 clade
634 1869 780 1978 Sagunlus

67 1979 145 2037 Tale
157 1979 225 2052 quid
238 1946 362 2036 excusal.
404 1978 538 2036 Meotide
551 1981 649 2038 saevior
663 1981 713 2038 ard
852 2021 855 2028 .

69 2058 220 2133 AE.gyptus
260 2055 377 2131 Quippe
391 2057 440 2114 illa
453 2057 568 2114 nefandi
584 2057 712 2115 Taurica
722 2059 799 2116 sacri

69 2135 217 2192 Inventrix
232 2135 360 2192 homines
375 2132 420 2210 (ut
431 2134 502 2210 jem,
516 2154 579 2208 que
592 2137 719 2194 carmina
731 2138 857 2211 tradunt,

72 2213 167 2288 Digna
180 2212 236 2270 fide
249 2211 362 2290 credas)
372 2213 484 2272 tannim
499 2214 634 2287 immolat,
646 2215 765 2272 ulterius
777 2217 818 2272 nil

70 2291 132 2348 Aut
145 2291 258 2366 gravius
272 2289 364 2348 cultro
376 2291 457 2348 timet
472 2293 570 2349 hostia
610 2293 672 2354 Qui
686 2291 771 2352 modd
786 2311 869 2352 cneus

70 2369 188 2444 impulit
201 2369 273 2426 hosi
293 2385 356 2443 quae
370 2379 449 2426 tanta
462 2370 560 2439 fames,
573 2371 731 2445 infestaque
744 2371 817 2429 rullo

70 2450 161 2505 Arma
174 2451 332 2522 coegerunt
345 2456 404 2503 tam
418 2446 583 2504 detestabile
596 2459 754 2505 monstrum

70 2525 210 2583 Auderel
232 2525 318 2582 Anne
332 2525 426 2596 aliam,
440 2525 516 2582 terri
530 2524 717 2600 Memphitide
731 2526 819 2598 sicci,

69 2603 211 2661 Invidiam
227 2603 350 2660 iacerent
363 2603 470 2662 nolenti
484 2622 599 2679 surgere
613 2603 703 2660 Nilol

69 2681 140 2743 Qui
154 2699 210 2738 nec
223 2681 361 2739 terribiles
374 2681 494 2754 Cimbri,
508 2700 563 2740 nec
576 2681 709 2740 Britones
722 2699 858 2758 uuquam,

71 2761 281 2817 Sauromateve
295 2769 398 2830 truces,
412 2770 462 2817 aut
474 2761 612 2820 namanes
625 2762 780 2837 Agathyrsi

70 2837 138 2894 Hinc
152 2837 232 2894 saevit
245 2837 323 2896 rabie
336 2837 450 2896 imbelle
463 2849 492 2896 et
503 2839 603 2898 inutile
617 2841 727 2915 vulgus,

69 2915 191 2972 Parvula
204 2914 338 2973 fictilibus
352 2915 464 2973 solitum
477 2917 545 2974 dare
557 2919 623 2975 vela
632 2919 766 2992 phaselis,

71 2993 109 3050 Et
123 2993 254 3051 brevibus
266 2994 350 3070 pictae
364 2994 449 3050 remis
462 2995 627 3050 incumbere
640 3005 728 3050 cesten.

70 3070 136 3128 Nec
150 3089 263 3147 poenam
277 3071 398 3128 sceleri
390 3071 527 3139 mucules,
541 3088 596 3126 nec
609 3071 696 3144 digna
708 3068 821 3143 parabis

71 3149 230 3225 Supplicia
228 3149 276 3208 liis
289 3146 430 3223 populiss
422 3165 453 3204 m
465 3164 586 3220 querum
599 3156 695 3203 mente
704 3163 790 3221 pares
800 3154 871 3203 suut

71 3227 110 3284 Ει
119 3227 248 3284 similes
240 3246 283 3285 rra
297 3236 381 3299 atque
396 3223 494 3281 sames.
537 3222 707 3283 Mollissima
720 3222 807 3282 corda

72 3302 210 3363 Humano
223 3323 322 3381 generi
315 3304 404 3362 dare
418 3320 449 3360 se
463 3311 565 3362 nauare
578 3303 690 3378 latetur,

70 3383 146 3446 Quae
160 3384 298 3480 lacrymas
311 3383 405 3441 dedit.
426 3382 489 3440 haec
502 3383 590 3441 nostri
603 3403 667 3460 pars
679 3383 786 3476 optima
799 3401 908 3442 sensus.

71 3461 185 3521 Plorare
195 3480 264 3537 ergo
249 3459 356 3537 jubet
369 3479 468 3522 casum
479 3461 604 3539 lugentis
618 3463 713 3535 amici,

71 3541 291 3615 squaloremque
304 3540 346 3596 rei
349 3541 507 3629 ‚pupillum
520 3542 577 3598 ad
566 3561 642 3630 Jura
640 3551 792 3598 vocantem

71 3617 364 3693 circumscriptorem,
377 3617 460 3690 eujus
472 3619 617 3676 manantia
631 3616 699 3674 fletu

71 3696 131 3754 Ora
143 3695 301 3784 puellares
300 3693 428 3752 faciunt
421 3707 531 3752 incerta
544 3694 648 3770 capilli.

71 3773 211 3832 Nature
204 3772 322 3850 imperio
335 3771 485 3910 gsemirnus,
476 3790 585 3852 ,quum
598 3771 685 3831 ιιιιιιιι
697 3771 849 3834 adulta
