2494 4274
166 273 207 334 76
483 271 516 320 D.
532 269 629 321 lUNll
646 269 844 320 JUVENALlS

166 413 205 472 Et
218 411 334 472 meliore
347 412 408 472 luto
421 411 503 472 linxit
515 413 671 490 praecordia
684 412 792 470 Titan:

167 492 225 549 Sed
241 493 364 567 reliquos
378 493 513 630 luqienda
526 504 636 569 patrum
651 491 771 568 vestigia
783 491 905 566 ducunt,

166 569 205 629 Et
218 582 373 630 monstrata
386 571 415 628 di
450 571 552 630 veteris
565 571 650 629 trabit
662 571 753 628 orbita
766 569 866 646 culpae.

166 650 322 708 Abstineas
336 650 421 726 igitur
432 650 601 708 damnandis
614 668 622 706 :
644 649 728 726 hujus
741 648 819 706 enirn
832 649 876 707 rel

166 726 233 786 Una
246 741 347 806 potens
360 729 431 790 ratio
444 739 496 802 ost,
510 749 547 788 ne
561 729 681 786 crimina
695 739 790 786 nostra
803 739 957 802 sequantur

166 805 212 864 Ex
225 808 307 866 nobis
319 809 426 884 geniti余
447 807 580 884 quoniam
594 806 701 866 dociles
714 805 858 864 imitandis

166 885 315 961 Turpibus
329 905 363 944 ac
376 887 469 963 pravis
482 905 582 943 omnes
596 902 711 956 sumus余
732 896 762 941 et
775 884 929 944 Catilinam

165 962 350 1038 Quocunque
364 964 394 1021 in
407 965 511 1040 populo
523 964 631 1035 videas,
641 982 810 1038 quocunque
824 964 878 1020 sub
891 984 961 1023 axe:

166 1041 224 1097 Sed
240 1059 295 1100 nec
309 1043 414 1099 Brutus
427 1043 489 1114 erit,
503 1041 584 1099 Bruti
598 1060 653 1098 nec
667 1042 825 1100 avunculus
839 1061 966 1119 usquam.

165 1118 216 1176 Nil
230 1119 309 1177 dictu
323 1121 429 1177 loedum
444 1121 560 1196 visuque
574 1121 636 1176 haec
650 1120 748 1178 limina
761 1131 869 1196 tangat,

165 1197 246 1256 Intra
255 1217 318 1274 quae
331 1217 401 1275 puer
416 1209 467 1257 est.
508 1199 611 1258 Procul
626 1200 705 1270 hinc,
718 1199 816 1273 procul
831 1200 898 1258 iuda
910 1201 1011 1278 puellae
1116 1205 1156 1264 45

164 1275 327 1350 Lencnum,
341 1289 370 1335 et
384 1289 485 1336 cantus
498 1279 691 1354 pernoctantis
704 1277 828 1356 parasiti.

164 1353 295 1414 Maxima
309 1357 427 1414 debetur
440 1375 528 1434 puero
541 1357 707 1414 reverentia.
750 1356 781 1412 Si
795 1357 862 1430 quid

164 1433 265 1512 Turpe
278 1454 370 1511 paras,
384 1455 421 1493 ne
435 1447 466 1493 tu
479 1437 559 1512 pueri
574 1435 777 1512 contempseris
792 1455 900 1496 annos:

164 1513 223 1574 Sed
237 1525 391 1590 peccaturo
404 1515 496 1573 obstet
509 1515 560 1573 tibi
574 1514 648 1572 filius
662 1515 762 1572 infans.

164 1589 243 1650 Nam
257 1593 281 1650 si
295 1594 362 1669 quid
377 1594 496 1669 dignum
510 1592 646 1651 Censoris
660 1593 759 1652 secerit
772 1593 815 1650 irai

162 1669 357 1744 Quandoque,
371 1680 401 1728 et
414 1671 535 1728 similem
548 1671 600 1728 tibi
614 1691 645 1728 se
658 1691 716 1728 non
730 1691 847 1748 corpore
861 1671 973 1732 tantlnu

163 1745 230 1804 Nec
243 1747 321 1804 vultu
335 1749 453 1820 dederit,
468 1766 578 1806 morum
592 1769 702 1824 quoque
716 1749 802 1823 filius,
815 1752 906 1826 etqui

163 1823 272 1883 Omnia
285 1823 411 1884 deterius
424 1837 473 1884 tua
485 1845 536 1902 per
546 1828 664 1904 vestigia
676 1841 787 1905 peccet,

163 1903 308 1980 Corripies
322 1904 457 1964 nimirum
468 1916 497 1966 et
510 1907 663 1984 castigabis
677 1907 781 1966 acerbo

162 1981 307 2056 Clamore,
321 2002 355 2042 ac
368 1995 431 2061 post
444 1986 507 2044 baec
520 1985 630 2044 tabulas
643 1997 752 2044 mutare
766 1987 886 2062 parabis.

162 2060 248 2120 Unde
261 2062 312 2120 tibi
327 2063 448 2122 frontem
461 2065 676 2142 libertatemque
689 2066 824 2143 parentis,

161 2139 265 2200 Quum
280 2142 367 2199 facias
380 2143 476 2219 pejora
490 2161 588 2214 senex,
602 2163 779 2220 vacuumque
794 2143 912 2203 cerebro

161 2217 181 2276 J
183 2237 229 2276 am
242 2219 353 2296 pridem
367 2233 452 2296 caput
467 2223 522 2280 hoc
536 2233 653 2280 ventosa
666 2222 815 2280 cucurbita
827 2226 958 2297 quaratl

203 2295 325 2373 Hospite
339 2311 468 2374 venturo,
482 2300 606 2358 cessabit
619 2320 704 2360 nemo
717 2313 837 2378 tuorum.

161 2373 253 2434 Verre
265 2377 468 2454 pavimentum,
483 2379 589 2438 nitidas
601 2381 721 2438 ostenda
734 2379 894 2456 columnas,

161 2455 254 2514 Arida
267 2475 334 2514 cum
347 2458 407 2516 tota
421 2458 578 2518 descendat
591 2479 696 2518 aranea
705 2459 779 2530 teliu

161 2533 222 2594 Hic
235 2536 297 2594 leve
311 2547 471 2614 argentum,
484 2557 552 2596 rasa
566 2559 666 2615 aspera
679 2549 788 2615 tergeat
801 2538 888 2607 alter余

160 2613 227 2674 Vox
240 2616 348 2673 domini
362 2616 429 2674 furit
443 2619 584 2689 instantis,
600 2619 762 2694 virgamque
778 2618 910 2678 tenentis.

160 2691 240 2769 Ergd
255 2695 340 2752 miser
353 2694 487 2770 trepidas,
502 2715 539 2752 ne
553 2706 677 2755 stercore
692 2695 766 2754 foeda
779 2697 884 2756 canino

160 2773 245 2828 Atria
257 2771 426 2846 displiceant
439 2773 531 2830 oculis
544 2773 683 2830 venientis
696 2775 791 2847 amici,

160 2846 208 2905 Ne
221 2848 336 2925 perfusa
348 2848 408 2907 luto
421 2849 458 2907 sit
470 2849 612 2926 porticus余
633 2862 662 2910 et
675 2863 770 2910 tamen
785 2871 842 2910 uno

160 2927 297 2986 semodio
310 2927 403 2986 scobis
417 2929 480 2988 haec
493 2929 627 2988 emendat
640 2932 768 2988 servulus
782 2950 865 2990 unus.

160 3005 237 3066 Illud
250 3025 308 3066 non
323 3007 422 3084 agitas,
437 3019 469 3068 ut
482 3020 611 3068 sanctam
625 3009 699 3069 lilius
712 3010 791 3068 omni

159 3085 311 3164 Adspiciat
324 3087 386 3146 sine
398 3087 463 3148 laba
477 3090 604 3164 domum,
615 3091 736 3166 vitioque
750 3089 918 3148 carenteml

158 3165 279 3224 Gratum
293 3177 345 3240 est,
359 3164 548 3246 quddpatriae
563 3170 655 3229 civem
667 3169 827 3246 populoque
841 3168 956 3242 dedisti,
1107 3174 1149 3233 70

159 3244 193 3302 Si
207 3244 287 3316 facis,
301 3255 333 3302 ut
347 3246 444 3320 patria
458 3248 494 3304 sit
507 3247 638 3318 idoneus,
652 3248 730 3304 utilis
743 3248 830 3322 agris,

157 3319 243 3377 Utilis
255 3331 285 3377 et
297 3321 435 3378 bellorum
449 3332 478 3380 et
491 3323 570 3396 pacis
582 3325 668 3380 rebus
682 3325 809 3397 agendis.

158 3395 319 3455 Plurimum
332 3397 410 3454 enim
421 3397 557 3468 intererit,
571 3399 675 3471 quibus
688 3401 806 3471 artibus,
819 3399 965 3474 atquibus
977 3402 1057 3466 bunc
1071 3417 1105 3466 tu

157 3475 288 3538 Moribus
301 3475 442 3534 instituas.
483 3473 623 3552 Serpente
636 3476 750 3534 ciconia
762 3478 855 3552 pullos

157 3555 266 3628 Nutrit,
280 3553 438 3614 etinventd
450 3573 501 3632 per
515 3553 811 3614 deviaruralacertd:
1105 3566 1147 3628 75

157 3631 205 3688 Illi
218 3635 320 3693 eadem
334 3635 453 3712 sumptis
465 3645 596 3711 quaerunt
610 3634 746 3694 animalia
762 3635 866 3713 pinnis.

156 3709 272 3783 Vultur,
283 3713 413 3788 iumento
426 3723 456 3772 et
468 3714 589 3772 canibus
601 3715 790 3792 crucibusque
803 3715 920 3792 relictis,

156 3786 207 3847 Ad
222 3785 307 3848 scetus
318 3801 458 3872 properat,
471 3803 636 3872 partemque
650 3795 796 3860 cadaveris
808 3795 899 3856 affert.
