2494 4274
170 230 212 290 53
482 227 515 274 n.
532 225 628 276 Jurur
645 226 840 275 iuvunnms

173 367 209 426 Ut
222 368 358 444 captatori
374 381 484 428 moveat
497 368 609 426 fastidia
622 368 720 426 Cosso.

170 445 238 505 Non
252 446 352 504 endem
366 448 424 506 vini
437 459 521 523 atque
536 448 603 519 cibi,
617 457 746 522 torpente
760 445 864 523 palato,

169 525 366 584 Gaudia.—

368 622 437 662 nam
450 623 514 693 quae
528 613 664 664 cantante
679 603 819 677 voluptas,

170 683 214 740 Sit
227 680 296 740 lieet
309 681 429 740 eximius
441 683 622 753 citharoedus,
637 682 706 739 sitve
721 681 869 752 Seleucus,

173 761 206 818 Et
219 761 321 836 quibus
335 759 433 819 aurare
446 780 508 820 mos
521 771 564 818 est
578 760 684 835 fulgere
698 759 814 817 lacerati
827 761 839 817 'l

168 839 249 900 Quid
264 839 358 910 refert,
372 839 468 915 magni
482 840 580 896 sedeat
592 839 648 912 qud
661 848 740 912 parte
753 837 866 910 theatri,

168 917 230 978 Qui
243 917 290 973 vix
303 917 463 974 cornicines
476 917 608 974 exaudiat
621 927 704 990 atque
718 916 849 972 tubarum

169 995 357 1052 Coneentusl
377 995 500 1052 elamore
513 1013 584 1070 opus
597 1005 649 1066 est,
666 1006 696 1052 ut
710 995 812 1052 sentiat
825 994 914 1066 auris,

167 1072 265 1133 Quem
280 1073 356 1130 dicat
369 1073 479 1130 venisse
492 1092 572 1149 puer,
586 1084 654 1147 quot
667 1073 779 1130 nuntiet
793 1073 883 1130 boras.

168 1149 307 1209 Praeterea
322 1151 458 1208 minimus
470 1152 564 1228 gelido
576 1151 634 1227 jam
649 1170 765 1226 corpore
779 1152 894 1228 sanguis

169 1229 260 1287 Febre
274 1229 348 1287 calet
362 1230 440 1300 sold3
462 1231 629 1288 circumsilit
642 1229 755 1304 agmine
770 1230 844 1287 lacto

170 1307 332 1365 Morborum
346 1328 431 1366 omne
445 1327 555 1385 genus:
574 1327 695 1384 quorum
710 1309 733 1364 si
747 1307 863 1364 nomina
876 1325 994 1383 quaeras,

169 1384 329 1462 Promptiirs
342 1388 501 1464 expediam,
515 1397 582 1462 quot
596 1386 730 1444 amaverit
744 1386 850 1461 Hippia
864 1387 989 1446 moechos

167 1465 249 1526 Quot
262 1465 420 1524 Themison
435 1485 524 1543 egros
538 1479 675 1524 autumno
688 1465 825 1523 occiderit
838 1484 906 1536 uno,

167 1543 249 1604 Quot
263 1544 375 1603 Basilus
389 1547 490 1617 socios,
504 1555 572 1620 quot
586 1543 839 1618 circumscripserit
853 1543 956 1600 Hirrus

168 1621 294 1696 Pupillos
304 1642 392 1691 3-—

400 1697 494 1771 eitiirs,
508 1709 576 1775 quot
589 1699 667 1757 villas
681 1699 822 1774 possideat
835 1719 923 1772 nunc,

167 1776 236 1836 Quo
249 1779 386 1835 tondente
399 1778 492 1854 gravis
503 1777 600 1853 juveni
614 1778 683 1835 mihi
698 1778 784 1834 barba
798 1779 922 1835 sonabat.

168 1855 220 1911 Ille
236 1857 361 1928 humero,
376 1857 423 1914 hie
438 1857 550 1928 lumbis,
565 1857 609 1914 his
623 1856 694 1914 cord
708 1857 818 1927 debilis,
834 1857 931 1914 ambos

168 1933 294 1991 Perdidit
308 1934 354 1991 ille
368 1936 473 2006 oculoS,
487 1945 516 1993 et
528 1935 615 1993 luscis
629 1935 754 1993 invidet:
775 1935 858 2010 hujus

168 2011 276 2070 Pallida
290 2013 367 2070 labra
380 2014 476 2071 cibum
491 2015 636 2090 accipiunt
649 2015 745 2090 digitis
759 2015 867 2071 alienis.

168 2090 233 2166 lpse
248 2093 281 2148 ad
297 2103 479 2168 conspectum
493 2111 583 2150 caenas
597 2093 732 2150 diducere
745 2093 849 2151 rictum
864 2060 908 2134 *i*

168 2169 282 2238 SuetuS,
297 2170 355 2227 hiat
369 2168 489 2242 tantiam,
504 2189 557 2227 ceu
571 2170 665 2246 pullus
679 2171 849 2242 hirundiniS,
864 2171 899 2226 ad
913 2188 997 2246 quem

166 2245 226 2302 Ore
240 2247 310 2303 volat
323 2248 408 2322 pleno
422 2260 512 2306 mater
524 2248 629 2324 jejuna.
672 2249 729 2305 Sed
743 2249 820 2310 omni

167 2323 361 2384 Membrorum
375 2328 479 2385 damno
493 2327 580 2402 major
595 2326 823 2401 dementiaque
837 2345 893 2383 nee

168 2401 292 2461 Nomina
306 2424 459 2477 servorum,
474 2425 528 2464 nee
542 2405 649 2462 vultum
664 2407 793 2481 agnoscit
806 2405 901 2478 amici,

167 2481 241 2540 Cum
256 2503 311 2557 quo
324 2485 466 2560 praeteritd
480 2485 602 2542 coenavit
615 2495 717 2554 noete,
738 2503 792 2542 nec
807 2485 878 2556 illos,

165 2560 249 2620 Quos
263 2563 371 2634 genuit,
385 2582 455 2637 quos
468 2564 572 2621 eduxit.
614 2562 690 2620 Nam
706 2563 806 2620 codice
820 2581 894 2620 saevo

166 2638 393 2697 Haeredesvetat
407 2660 469 2697 esse
484 2660 565 2708 suos3
587 2641 662 2697 bona
675 2651 734 2698 tota
748 2641 875 2698 feruntur

166 2717 214 2772 Ad
229 2716 365 2774 Phialen:
386 2715 497 2775 tantdm
511 2717 627 2775 artificis
642 2718 714 2775 valet
728 2718 831 2775 halitus
844 2719 911 2790 oris,

165 2793 253 2852 Quod
269 2805 383 2852 steterat
397 2795 493 2851 multis
506 2795 536 2852 in
551 2814 666 2852 carcere
681 2796 795 2854 fornicis
809 2797 899 2854 annis.

165 2871 204 2928 Ut
217 2873 330 2945 vigeant
343 2891 442 2930 sensus
456 2874 553 2946 animi,
569 2874 700 2931 ducenda
713 2887 808 2932 tamen
821 2885 888 2932 sunt

167 2949 279 3007 Funera
294 2963 432 3025 natorum,
446 2971 531 3028 rogus
546 2953 746 3029 adspiciendus
760 2965 860 3010 amata

165 3029 303 3106 Conjugis
316 3041 345 3089 et
359 3031 460 3104 fratris,
471 3032 618 3108 plenaeque
632 3033 772 3090 sororibus
786 3050 873 3089 urnae.

166 3109 238 3166 Haec
253 3112 318 3168 data
330 3113 414 3186 poen'a
428 3109 478 3170 diii
493 3112 660 3184 viventibus,
675 3123 715 3184 ut,
730 3110 863 3169 renovatri

166 3188 284 3261 Semper
300 3189 380 3245 clade
394 3190 504 3260 domirs,
519 3192 614 3248 multis
628 3191 656 3246 in
671 3190 805 3260 luctibus,
819 3191 904 3261 inque

166 3263 306 3336 Perpetuo
320 3285 448 3333 moerore,
463 3277 491 3320 et
505 3267 587 3338 nigrat
602 3277 677 3322 veste
696 3275 854 3322 senescant.

166 3340 232 3397 Rex
248 3340 353 3413 Pylius,
368 3359 471 3414 magno
485 3340 509 3395 si
522 3341 675 3412 quidquam
687 3343 779 3396 credis
794 3342 931 3410 Homero,

166 3417 334 3492 Exernplum
350 3418 412 3473 vitae
428 3417 480 3474 snit
493 3437 510 3473 a
523 3418 637 3474 cornice
648 3418 792 3474 secundae.

167 3495 190 3552 F
193 3497 248 3554 elix
264 3497 405 3568 nimirum,
419 3496 468 3572 qui
481 3506 522 3554 tot
535 3515 583 3572 per
597 3495 702 3552 saecula
715 3506 833 3553 mortem

166 3575 292 3644 Distulit,
308 3588 389 3651 atque
403 3595 469 3632 suos
479 3575 539 3652 jam
554 3573 651 3632 dextri
665 3586 808 3650 computat
822 3594 920 3648 annos,

165 3652 283 3725 Quique
298 3673 399 3711 novum
414 3655 496 3712 toties
510 3665 633 3711 mustum
648 3653 726 3710 bibit.
767 3654 837 3727 Oro,
850 3674 1000 3734 parumper

167 3729 318 3803 Attendes,
331 3730 467 3806 quantum
481 3733 516 3790 de
531 3732 641 3809 legibus
656 3733 715 3811 ipse
729 3744 860 3809 queratur
950 3789 951 3792 ,
